3188 5252
866 319 927 390 mo
992 403 995 410 ¹

338 504 813 562 ten—mtaomtihescten.
858 501 1212 584 372aocpsioetasa-7·
1240 499 1468 574 cupriurr‘pam
1563 553 1564 566 2

338 607 416 672 Anu.
438 604 460 685 i,
482 610 541 672 45:
563 631 613 670 oco
631 632 722 686 poeria
743 644 786 656 -
806 630 855 669 uec
871 612 1052 684 poenitentia.
1074 643 1114 654 ——

422 717 521 778 Etiam
543 739 593 778 aec
613 751 650 764 —
675 739 760 792 nepae
797 715 910 798 (Germ.
934 718 963 778 9.
999 709 1155 788 Hietle,
1178 717 1230 776 31.
1264 709 1340 778 Aua.
1363 708 1406 794 ll,
1429 711 1472 792 3),

338 832 369 886 et
389 843 475 901 scotta
497 859 537 872 -
559 846 608 886 oce
629 823 720 901 [Hist.
741 820 778 899 li,
801 826 852 885 35.
873 819 954 886 Anu.
978 817 1001 897 1,
1025 825 1079 906 32)
1103 821 1158 884 soli
1181 821 1350 904 euphoniae
1371 821 1459 884 diver

337 932 378 1000 sis
400 932 496 992 modis
517 933 695 1008 inserviant3
718 932 757 992 ad
780 951 901 994 sensum
922 931 1037 992 nullum
1060 930 1220 992 discrimen
1232 926 1267 1013 ¹).

423 1041 517 1100 Mirus
538 1039 658 1117 linguae
680 1040 792 1101 latinae
813 1059 884 1100 usus
907 1039 1026 1102 obviam
1057 1047 1104 1100 est
1122 1041 1165 1100 iu
1187 1041 1380 1102 commissura
1401 1057 1468 1098 sen-

337 1150 497 1210 tentiarum
520 1149 570 1210 vel
590 1150 744 1214 notionum
766 1169 821 1228 per
842 1171 927 1225 cepoe
948 1153 1023 1224 (aar)
1044 1183 1088 1194 -
1109 1161 1134 1210 et
1155 1149 1254 1224 facta,
1276 1168 1346 1228 :qua
1367 1146 1413 1222 fit,
1435 1154 1471 1207 ut

304 1272 308 1282 ’
339 1255 417 1317 duae
440 1257 559 1318 dicendi
578 1257 710 1318 rationes
733 1256 869 1318 diversae
901 1258 1157 1318 commisceantur.
1214 1257 1293 1316 Nam
1322 1257 1355 1314 in
1377 1267 1470 1314 unum

337 1374 446 1428 coeunt
468 1373 498 1426 et
519 1365 692 1442 negativum
715 1365 880 1426 membrum
903 1375 934 1426 et
956 1365 1177 1426 affirmativam.
1222 1363 1393 1429 simillimus
1415 1364 1470 1439 igi·

337 1480 386 1534 tur
408 1480 455 1532 est
477 1474 513 1546 ei,
536 1471 574 1532 de
597 1491 655 1553 quo
678 1471 734 1533 sub
756 1477 839 1532 otiam
860 1476 1067 1552 exposuimus,
1099 1474 1150 1554 qui
1171 1471 1251 1552 quod
1273 1477 1336 1532 tem
1359 1470 1470 1532 multos
1565 1517 1566 1550 3

336 1581 455 1642 ridetur
476 1580 589 1658 fugisse
611 1599 648 1642 eo
671 1581 766 1658 magis
788 1583 895 1644 mirum
925 1590 981 1643 est.
1034 1581 1096 1642 Sed
1129 1580 1226 1641 denuo
1255 1579 1402 1640 babemus
1423 1599 1469 1638 ar·
1565 1569 1566 1584 ¹

337 1698 511 1768 gumentum
533 1689 634 1752 brevis
654 1697 744 1770 atque
767 1689 879 1750 densae
889 1690 1092 1750 Romanorum
1115 1689 1266 1764 orationis,
1288 1707 1388 1768 neque
1410 1687 1466 1748 Ta·

337 1799 427 1858 citum
443 1797 480 1858 ab
502 1817 538 1858 ec
559 1797 749 1858 abhorruisse
771 1798 860 1858 valde
882 1807 1116 1859 consentaneum
1138 1807 1192 1858 est.
1229 1833 1271 1844 -
1313 1798 1470 1857 Posterius

337 1907 500 1973 membrum
520 1925 734 1987 saepenumero
755 1908 876 1985 grauius
897 1916 942 1968 est
964 1927 1054 1988 quam
1084 1908 1226 1986 primum,
1257 1905 1337 1987 quod
1369 1915 1471 1966 tamen

275 2082 280 2096 ι
337 2032 455 2094 semper
475 2012 540 2072 fieri
561 2014 681 2074 minimo
704 2022 834 2094 oportet.
878 2013 936 2089 Sic,
959 2024 993 2074 ut
1015 2035 1106 2074 unum
1118 2015 1248 2092 efferum,
1271 2014 1297 2072 si
1318 2014 1350 2072 in
1371 2013 1470 2091 primo

337 2122 468 2182 membro
490 2121 591 2182 litotes
612 2123 750 2195 cernitur,
771 2129 930 2202 utrumque
952 2141 1055 2201 parem
1078 2124 1138 2183 vim
1161 2121 1294 2183 exbibet:
1328 2121 1409 2184 Hist.
1432 2115 1470 2195 lt,
1566 2139 1567 2168 ι

338 2234 372 2292 e:
402 2234 475 2291 Asia
494 2243 521 2291 ct
547 2241 653 2292 caeos
669 2234 834 2307 prosimu
856 2253 907 2291 occ
926 2235 1050 2292 samam
1076 2237 1174 2308 inopes
1204 2245 1229 2292 et
1245 2234 1382 2307 peremne
1402 2251 1472 2305 opu·

337 2319 452 2402 teum

421 2449 462 2509 Et
483 2448 540 2508 hoc
560 2449 590 2508 in
614 2467 670 2509 usn
690 2448 824 2509 erebrius
847 2448 957 2525 legitur
978 2470 1066 2524 nepos
1086 2481 1127 2496 -
1149 2459 1183 2522 ct,
1206 2467 1297 2528 quem
1320 2469 1420 2506 ooo-
1436 2458 1470 2507 et.

336 2557 417 2618 Hist.
439 2552 461 2632 l,
485 2560 519 2619 1:
552 2564 603 2618 aed
622 2562 813 2634 assumptore
837 2563 921 2630 fidem
937 2561 1074 2634 professio
1101 2579 1187 2633 aeque
1217 2579 1310 2618 amore
1325 2561 1472 2633 quisquam

218 2709 221 2716 ·
337 2679 362 2726 et
382 2672 441 2727 aios
461 2671 527 2727 odia
548 2671 682 2727 dicendae
703 2679 749 2727 eet.
794 2662 869 2746 Gap.
893 2668 947 2728 1⁴5:
977 2671 1142 2743 περισπῴη
1163 2671 1309 2743 imperium
1330 2670 1473 2727 ambitioso

338 2779 440 2851 accepi,
462 2788 488 2836 et
505 2779 609 2850 judicii
629 2781 684 2836 mei
703 2781 893 2836 άοοιιιιιοιιιιιιιι
921 2781 976 2836 aiot
996 2799 1052 2836 aon
1070 2797 1148 2835 meua
1168 2787 1275 2835 tantm
1295 2779 1472 2836 ooeoeobudi-
1567 2775 1568 2778 ’

336 2904 392 2959 aes,
414 2915 457 2928 -·-
477 2889 528 2943 red
548 2896 574 2944 ct
593 2895 666 2944 tuoe.
710 2885 769 2944 16:
803 2904 911 2945 oseam
931 2887 1036 2942 diutim
1056 2903 1143 2958 nequeo
1162 2886 1292 2958 terpora}
1312 2886 1411 2956 buires,
1445 2893 1472 2940 st

338 2994 480 3066 neptem
500 3002 541 3050 eet
561 3011 638 3052 onata
659 2995 819 3067 cornilione,
847 2996 875 3051 ei
893 3003 919 3051 te
940 2996 1004 3050 bene
1027 2995 1102 3066 slepi.
1145 2989 1190 3062 II,
1215 2991 1273 3050 96:
1304 2995 1355 3048 sed
1384 3009 1476 3077 usqae

337 3103 463 3175 Aponius
484 3110 583 3158 morto
604 3133 644 3146 —
663 3105 874 3176 peraonpserot,
886 3111 922 3160 'et
943 3102 1027 3158 omisi
1042 3103 1190 3160 odolamea
1208 3101 1325 3158 mollius
1338 3102 1473 3174 iaterpre·

336 3211 474 3266 tomo.
516 3205 574 3280 111,
598 3209 648 3268 oe.
670 3205 723 3283 ιι,
748 3207 798 3268 re.
822 3208 871 3272 ra.
895 3207 934 3282 v,
958 3209 1081 3281 1r‚so.
1123 3206 1203 3268 ann.
1226 3205 1275 3279 ιι,
1301 3206 1358 3266 34,
1394 3181 1472 3280 offqu

331 3318 402 3389 ficar
421 3318 471 3389 rei,
492 3335 525 3374 ea
545 3335 602 3389 qao
622 3335 708 3389 aeque
728 3317 795 3374 Piao
816 3318 951 3389 saphrim
983 3326 1008 3376 et
1029 3317 1132 3374 meas
1160 3317 1267 3388 majore
1288 3318 1376 3388 foma
1405 3317 1471 3385 tisri.

336 3422 405 3483 Hoc
427 3422 495 3483 loeo
517 3423 588 3482 novi
622 3421 753 3483 editores
785 3422 895 3482 codicis
917 3423 1075 3482 lectionem
1098 3430 1311 3496 serraverunt,
1349 3439 1472 3501 respue·

337 3539 466 3610 runtque
502 3529 678 3589 Doederlini
713 3530 930 3607 conjecturam,
967 3530 1133 3609 palmarem
1166 3537 1276 3590 tamen.
1330 3528 1472 3602 Ubinam,

338 3654 457 3715 quaeso,
479 3636 510 3694 in
532 3637 568 3695 iis
590 3654 668 3716 quae
689 3635 873 3714 praecedunt
895 3635 933 3696 de
956 3634 1037 3695 ieme
1059 3643 1090 3695 et
1112 3636 1208 3712 gloria
1229 3636 1344 3697 Tiberii
1373 3655 1472 3697 sermo

336 3743 401 3819 fnit,
425 3747 521 3803 itaut
544 3762 595 3803 eas
618 3763 695 3804 nunc
717 3762 828 3822 augere
850 3743 975 3823 posset?
1018 3743 1112 3806 Immo
1128 3745 1266 3806 Tiberius
1288 3754 1322 3806 ut
1343 3746 1373 3806 in
1396 3745 1473 3804 infa-

338 3854 427 3912 miam
450 3872 484 3912 ae
506 3851 652 3928 flagitium
675 3862 785 3926 rueret,
811 3853 901 3914 valde
922 3852 1086 3914 verendum
1103 3861 1175 3928 erat,
1196 3856 1297 3935 itaque
1319 3854 1376 3914 hoo
1398 3871 1473 3914 non

336 3959 448 4020 iactum
470 3979 537 4020 esse
558 3960 703 4040 imprimis
723 3959 890 4023 uouendum
920 3969 985 4022 erat
1015 3943 1169 4043 scriptori,
1210 3962 1301 4042 idque
1333 3960 1410 4020 fecit·
1435 3979 1472 4020 eo

410 4189 434 4256 l)
453 4189 591 4253 Claudium,
609 4197 635 4240 ut
650 4191 725 4242 solent
742 4199 879 4257 comparata,
898 4207 924 4243 sa
941 4207 1000 4258 quse
1018 4194 1046 4244 de
1064 4193 1211 4244 similitudine
1229 4192 1405 4257 particulorum:
1425 4207 1473 4242 aee

338 4307 372 4318 -
391 4299 469 4349 aeque
484 4290 520 4332 et:
540 4279 596 4334 obre
617 4311 646 4321 -
667 4281 728 4335 oter
754 4285 862 4335 disseruit
880 4286 1010 4336 Waltberus
1034 4285 1064 4336 ad
1088 4286 1141 4336 dial.
1161 4285 1210 4346 29,
1235 4300 1304 4350 quum
1322 4283 1418 4335 Romani
1437 4283 1472 4334 di·

337 4381 388 4424 cent
405 4374 487 4425 etiam:
518 4393 597 4444 aeque
617 4403 648 4413 -—
672 4394 735 4447 aec,
765 4375 827 4430 otor
845 4405 878 4415 -
898 4376 959 4431 eise
977 4380 1056 4431 Greeoi
1078 4395 1126 4430 non
1143 4381 1206 4430 item.
1247 4380 1367 4429 Praeterea
1393 4377 1472 4438 miror,

336 4468 397 4531 quod
414 4469 451 4518 W.
469 4486 516 4519 sec
533 4477 557 4519 et
575 4466 632 4520 οὔτι
652 4471 749 4522 leviores
769 4480 833 4522 vocat
846 4473 978 4536 particulas,
999 4475 1119 4525 tortiores:
1138 4490 1217 4541 usquc
1235 4481 1259 4524 et
1275 4468 1347 4524 crios.
1366 4497 1401 4510 -
