<?xml version="1.0" encoding="UTF-8"?>
<!DOCTYPE html PUBLIC "-//W3C//DTD XHTML 1.0 Transitional//EN"
    "http://www.w3.org/TR/xhtml1/DTD/xhtml1-transitional.dtd">
<html xmlns="http://www.w3.org/1999/xhtml" xml:lang="en" lang="en">
 <head>
  <title>
</title>
<meta http-equiv="Content-Type" content="text/html;charset=utf-8" />
  <meta name='ocr-system' content='tesseract 3.04.00' />
  <meta name='ocr-capabilities' content='ocr_page ocr_carea ocr_par ocr_line ocrx_word'/>
</head>
<body>
  <div class='ocr_page' id='page_1' title='image "./detacitiincompo00spitgoog_0058.png"; bbox 0 0 3196 5270; ppageno 0'>
   <div class='ocr_carea' id='block_1_1' title="bbox 166 492 1347 2072">
    <p class='ocr_par' dir='ltr' id='par_1_1' title="bbox 166 492 1347 2072">
     <span class='ocr_line' id='line_1_1' title="bbox 173 492 1315 578; baseline 0.004 -26"><span class='ocrx_word' id='word_1_1' title='bbox 173 492 351 553; x_wconf 77' lang='lat' dir='ltr'>credebatur</span> <span class='ocrx_word' id='word_1_2' title='bbox 372 494 506 570; x_wconf 77' lang='lat' dir='ltr'><strong>profecto</strong></span> <span class='ocrx_word' id='word_1_3' title='bbox 530 513 589 552; x_wconf 92' lang='lat' dir='ltr'><strong>non</strong></span> <span class='ocrx_word' id='word_1_4' title='bbox 611 503 676 552; x_wconf 85' lang='lat' dir='ltr'><strong>eret</strong></span> <span class='ocrx_word' id='word_1_5' title='bbox 697 495 881 555; x_wconf 83' lang='lat' dir='ltr'><strong>conscientie</strong></span> <span class='ocrx_word' id='word_1_6' title='bbox 903 497 1066 573; x_wconf 88' lang='lat' dir='ltr'><strong>scelerum,</strong></span> <span class='ocrx_word' id='word_1_7' title='bbox 1096 517 1174 578; x_wconf 86' lang='lat' dir='ltr'><strong>quas</strong></span> <span class='ocrx_word' id='word_1_8' title='bbox 1205 518 1261 578; x_wconf 89' lang='lat' dir='ltr'><strong>per</strong></span> <span class='ocrx_word' id='word_1_9' title='bbox 1283 518 1315 558; x_wconf 90' lang='lat' dir='ltr'><strong>sc</strong></span> 
     </span>
     <span class='ocr_line' id='line_1_2' title="bbox 170 602 1315 685; baseline 0.005 -25"><span class='ocrx_word' id='word_1_10' title='bbox 170 603 236 680; x_wconf 87' lang='lat' dir='ltr'><strong>ipsa</strong></span> <span class='ocrx_word' id='word_1_11' title='bbox 258 602 351 680; x_wconf 88' lang='lat' dir='ltr'><strong>plano</strong></span> <span class='ocrx_word' id='word_1_12' title='bbox 373 603 402 659; x_wconf 93' lang='lat' dir='ltr'><strong>in</strong></span> <span class='ocrx_word' id='word_1_13' title='bbox 425 602 605 660; x_wconf 85' lang='lat' dir='ltr'><strong>contrarium</strong></span> <span class='ocrx_word' id='word_1_14' title='bbox 628 603 783 662; x_wconf 88' lang='lat' dir='ltr'><strong>consilinm</strong></span> <span class='ocrx_word' id='word_1_15' title='bbox 812 622 865 662; x_wconf 86' lang='lat' dir='ltr'><strong>sos</strong></span> <span class='ocrx_word' id='word_1_16' title='bbox 895 607 1054 678; x_wconf 81' lang='lat' dir='ltr'><strong>vertisset,</strong></span> <span class='ocrx_word' id='word_1_17' title='bbox 1087 607 1141 666; x_wconf 91' lang='lat' dir='ltr'><strong>sed</strong></span> <span class='ocrx_word' id='word_1_18' title='bbox 1164 625 1234 685; x_wconf 89' lang='lat' dir='ltr'><strong>spes</strong></span> <span class='ocrx_word' id='word_1_19' title='bbox 1262 607 1315 665; x_wconf 90' lang='lat' dir='ltr'><strong>im·</strong></span> 
     </span>
     <span class='ocr_line' id='line_1_3' title="bbox 170 709 1316 792; baseline 0.004 -26"><span class='ocrx_word' id='word_1_20' title='bbox 170 710 331 787; x_wconf 83' lang='lat' dir='ltr'><strong>punitatis3</strong></span> <span class='ocrx_word' id='word_1_21' title='bbox 354 727 390 766; x_wconf 90' lang='lat' dir='ltr'><strong>ea</strong></span> <span class='ocrx_word' id='word_1_22' title='bbox 411 727 483 766; x_wconf 89' lang='lat' dir='ltr'><strong>vero</strong></span> <span class='ocrx_word' id='word_1_23' title='bbox 505 710 536 766; x_wconf 91' lang='lat' dir='ltr'><strong>in</strong></span> <span class='ocrx_word' id='word_1_24' title='bbox 559 709 665 766; x_wconf 87' lang='lat' dir='ltr'><strong>animis</strong></span> <span class='ocrx_word' id='word_1_25' title='bbox 688 718 751 768; x_wconf 91' lang='lat' dir='ltr'><strong>tum</strong></span> <span class='ocrx_word' id='word_1_26' title='bbox 775 711 894 770; x_wconf 89' lang='lat' dir='ltr'><strong>demum</strong></span> <span class='ocrx_word' id='word_1_27' title='bbox 926 713 1034 772; x_wconf 87' lang='lat' dir='ltr'><strong>cooriri</strong></span> <span class='ocrx_word' id='word_1_28' title='bbox 1056 721 1192 792; x_wconf 83' lang='lat' dir='ltr'><strong>poteret,</strong></span> <span class='ocrx_word' id='word_1_29' title='bbox 1225 732 1316 792; x_wconf 87' lang='lat' dir='ltr'><strong>quum</strong></span> 
     </span>
     <span class='ocr_line' id='line_1_4' title="bbox 170 816 1318 904; baseline 0.004 -30"><span class='ocrx_word' id='word_1_30' title='bbox 170 817 280 874; x_wconf 89' lang='lat' dir='ltr'><strong>conscii</strong></span> <span class='ocrx_word' id='word_1_31' title='bbox 303 816 448 874; x_wconf 88' lang='lat' dir='ltr'><strong>scelernm</strong></span> <span class='ocrx_word' id='word_1_32' title='bbox 472 823 566 888; x_wconf 86' lang='lat' dir='ltr'><strong>erant,</strong></span> <span class='ocrx_word' id='word_1_33' title='bbox 590 818 635 874; x_wconf 91' lang='lat' dir='ltr'><strong>sin</strong></span> <span class='ocrx_word' id='word_1_34' title='bbox 657 816 748 895; x_wconf 89' lang='lat' dir='ltr'><strong>plane</strong></span> <span class='ocrx_word' id='word_1_35' title='bbox 769 819 903 878; x_wconf 80' lang='lat' dir='ltr'><strong>insontes</strong></span> <span class='ocrx_word' id='word_1_36' title='bbox 926 839 959 878; x_wconf 94' lang='lat' dir='ltr'><strong>se</strong></span> <span class='ocrx_word' id='word_1_37' title='bbox 981 819 1139 904; x_wconf 30' lang='lat' dir='ltr'><strong>habebant·</strong></span> <span class='ocrx_word' id='word_1_38' title='bbox 1155 841 1215 880; x_wconf 92' lang='lat' dir='ltr'><strong>non</strong></span> <span class='ocrx_word' id='word_1_39' title='bbox 1234 821 1318 880; x_wconf 92' lang='lat' dir='ltr'><strong>item.</strong></span> 
     </span>
     <span class='ocr_line' id='line_1_5' title="bbox 170 922 1319 1004; baseline 0.005 -24"><span class='ocrx_word' id='word_1_40' title='bbox 170 922 281 1001; x_wconf 80' lang='lat' dir='ltr'><strong>Itaque</strong></span> <span class='ocrx_word' id='word_1_41' title='bbox 308 923 384 980; x_wconf 85' lang='lat' dir='ltr'><strong>ratio</strong></span> <span class='ocrx_word' id='word_1_42' title='bbox 415 924 630 982; x_wconf 89' lang='lat' dir='ltr'><strong>sententiarum</strong></span> <span class='ocrx_word' id='word_1_43' title='bbox 661 923 725 982; x_wconf 84' lang='lat' dir='ltr'><strong>lere</strong></span> <span class='ocrx_word' id='word_1_44' title='bbox 755 924 830 983; x_wconf 84' lang='lat' dir='ltr'><strong>hoec</strong></span> <span class='ocrx_word' id='word_1_45' title='bbox 860 935 923 986; x_wconf 92' lang='lat' dir='ltr'><strong>est:</strong></span> <span class='ocrx_word' id='word_1_46' title='bbox 954 936 1086 986; x_wconf 85' lang='lat' dir='ltr'><strong>ceterum</strong></span> <span class='ocrx_word' id='word_1_47' title='bbox 1117 929 1224 1004; x_wconf 86' lang='lat' dir='ltr'><strong>volgus</strong></span> <span class='ocrx_word' id='word_1_48' title='bbox 1250 932 1319 1002; x_wconf 73' lang='lat' dir='ltr'><strong>ordo</strong></span> 
     </span>
     <span class='ocr_line' id='line_1_6' title="bbox 170 1027 1317 1110; baseline 0.006 -24"><span class='ocrx_word' id='word_1_49' title='bbox 170 1029 322 1088; x_wconf 86' lang='lat' dir='ltr'><strong>conscium</strong></span> <span class='ocrx_word' id='word_1_50' title='bbox 348 1047 381 1087; x_wconf 92' lang='lat' dir='ltr'><strong>se</strong></span> <span class='ocrx_word' id='word_1_51' title='bbox 410 1029 538 1088; x_wconf 77' lang='lat' dir='ltr'><strong>sentiret</strong></span> <span class='ocrx_word' id='word_1_52' title='bbox 571 1027 716 1088; x_wconf 83' lang='lat' dir='ltr'><strong>scelerum</strong></span> <span class='ocrx_word' id='word_1_53' title='bbox 749 1049 803 1107; x_wconf 88' lang='lat' dir='ltr'><strong>spe</strong></span> <span class='ocrx_word' id='word_1_54' title='bbox 835 1031 1023 1110; x_wconf 87' lang='lat' dir='ltr'><strong>impunitatis</strong></span> <span class='ocrx_word' id='word_1_55' title='bbox 1054 1033 1144 1094; x_wconf 85' lang='lat' dir='ltr'><strong>facilc</strong></span> <span class='ocrx_word' id='word_1_56' title='bbox 1180 1051 1317 1093; x_wconf 88' lang='lat' dir='ltr'><strong>accessu·</strong></span> 
     </span>
     <span class='ocr_line' id='line_1_7' title="bbox 169 1135 1318 1220; baseline 0.003 -26"><span class='ocrx_word' id='word_1_57' title='bbox 169 1157 246 1196; x_wconf 90' lang='lat' dir='ltr'><strong>rum.</strong></span> <span class='ocrx_word' id='word_1_58' title='bbox 273 1170 310 1179; x_wconf 90' lang='lat'><em>-</em></span> <span class='ocrx_word' id='word_1_59' title='bbox 336 1136 416 1194; x_wconf 84' lang='lat' dir='ltr'><strong>Ano.</strong></span> <span class='ocrx_word' id='word_1_60' title='bbox 439 1135 482 1220; x_wconf 76' lang='lat' dir='ltr'><strong>ll,</strong></span> <span class='ocrx_word' id='word_1_61' title='bbox 507 1137 564 1195; x_wconf 88' lang='lat'><strong>33:</strong></span> <span class='ocrx_word' id='word_1_62' title='bbox 600 1141 714 1206; x_wconf 78' lang='lat' dir='ltr'><strong>fortiam</strong></span> <span class='ocrx_word' id='word_1_63' title='bbox 736 1142 882 1196; x_wconf 61' lang='lat' dir='ltr'><strong>musarum</strong></span> <span class='ocrx_word' id='word_1_64' title='bbox 905 1142 992 1198; x_wconf 76' lang='lat' dir='ltr'><strong>Gallo</strong></span> <span class='ocrx_word' id='word_1_65' title='bbox 1019 1145 1068 1197; x_wconf 83' lang='lat' dir='ltr'><strong>sub</strong></span> <span class='ocrx_word' id='word_1_66' title='bbox 1097 1144 1251 1200; x_wconf 82' lang='lat' dir='ltr'><strong>oomiuibus</strong></span> <span class='ocrx_word' id='word_1_67' title='bbox 1272 1144 1318 1198; x_wconf 80' lang='lat' dir='ltr'><strong>iro·</strong></span> 
     </span>
     <span class='ocr_line' id='line_1_8' title="bbox 169 1245 1316 1316; baseline 0.002 -15"><span class='ocrx_word' id='word_1_68' title='bbox 169 1247 253 1301; x_wconf 78' lang='lat' dir='ltr'><strong>mstis</strong></span> <span class='ocrx_word' id='word_1_69' title='bbox 275 1247 410 1316; x_wconf 72' lang='lat' dir='ltr'><strong>sousa-saio</strong></span> <span class='ocrx_word' id='word_1_70' title='bbox 438 1247 568 1302; x_wconf 78' lang='lat' dir='ltr'><strong>uitiomtm</strong></span> <span class='ocrx_word' id='word_1_71' title='bbox 589 1256 616 1303; x_wconf 82' lang='lat' dir='ltr'><strong>ot</strong></span> <span class='ocrx_word' id='word_1_72' title='bbox 635 1247 789 1304; x_wconf 84' lang='lat' dir='ltr'><strong>similitudo</strong></span> <span class='ocrx_word' id='word_1_73' title='bbox 820 1249 994 1304; x_wconf 79' lang='lat' dir='ltr'><strong>audientium</strong></span> <span class='ocrx_word' id='word_1_74' title='bbox 1023 1251 1108 1305; x_wconf 77' lang='lat' dir='ltr'><strong>dedit.</strong></span> <span class='ocrx_word' id='word_1_75' title='bbox 1159 1247 1251 1304; x_wconf 87' lang='lat' dir='ltr'><strong>Hunc</strong></span> <span class='ocrx_word' id='word_1_76' title='bbox 1273 1245 1316 1304; x_wconf 93' lang='lat' dir='ltr'><strong>lo-</strong></span> 
     </span>
     <span class='ocr_line' id='line_1_9' title="bbox 170 1349 1316 1430; baseline 0 -20"><span class='ocrx_word' id='word_1_77' title='bbox 170 1370 236 1410; x_wconf 91' lang='lat' dir='ltr'><strong>cum</strong></span> <span class='ocrx_word' id='word_1_78' title='bbox 266 1349 298 1408; x_wconf 85' lang='lat' dir='ltr'><strong>J.</strong></span> <span class='ocrx_word' id='word_1_79' title='bbox 321 1351 372 1408; x_wconf 81' lang='lat' dir='ltr'><strong>Fr.</strong></span> <span class='ocrx_word' id='word_1_80' title='bbox 403 1349 574 1410; x_wconf 81' lang='lat' dir='ltr'>Gronovius</span> <span class='ocrx_word' id='word_1_81' title='bbox 607 1351 650 1409; x_wconf 91' lang='lat' dir='ltr'><strong>sic</strong></span> <span class='ocrx_word' id='word_1_82' title='bbox 676 1351 906 1426; x_wconf 86' lang='lat' dir='ltr'><strong>intelligendum</strong></span> <span class='ocrx_word' id='word_1_83' title='bbox 938 1371 1005 1412; x_wconf 91' lang='lat' dir='ltr'><strong>esse</strong></span> <span class='ocrx_word' id='word_1_84' title='bbox 1035 1361 1139 1430; x_wconf 89' lang='lat' dir='ltr'><strong>putat:</strong></span> <span class='ocrx_word' id='word_1_85' title='bbox 1167 1351 1316 1412; x_wconf 83' lang='lat' dir='ltr'><strong>confessio</strong></span> 
     </span>
     <span class='ocr_line' id='line_1_10' title="bbox 170 1457 1347 1536; baseline 0.001 -19"><span class='ocrx_word' id='word_1_86' title='bbox 170 1463 217 1518; x_wconf 85' lang='lat' dir='ltr'><strong>c&#39;st</strong></span> <span class='ocrx_word' id='word_1_87' title='bbox 248 1458 368 1516; x_wconf 89' lang='lat' dir='ltr'><strong>illorum</strong></span> <span class='ocrx_word' id='word_1_88' title='bbox 396 1459 446 1536; x_wconf 88' lang='lat' dir='ltr'><strong>qui</strong></span> <span class='ocrx_word' id='word_1_89' title='bbox 476 1466 545 1536; x_wconf 90' lang='lat' dir='ltr'><strong>post</strong></span> <span class='ocrx_word' id='word_1_90' title='bbox 578 1457 700 1518; x_wconf 80' lang='lat' dir='ltr'><strong>Gallum</strong></span> <span class='ocrx_word' id='word_1_91' title='bbox 730 1459 894 1517; x_wconf 88' lang='lat' dir='ltr'><strong>sententias</strong></span> <span class='ocrx_word' id='word_1_92' title='bbox 925 1459 1047 1534; x_wconf 85' lang='lat' dir='ltr'><strong>dixere;</strong></span> <span class='ocrx_word' id='word_1_93' title='bbox 1078 1459 1242 1518; x_wconf 76' lang='lat' dir='ltr'><strong>similitudo</strong></span> <span class='ocrx_word' id='word_1_94' title='bbox 1264 1476 1316 1518; x_wconf 88' lang='lat' dir='ltr'><strong>au·</strong></span> <span class='ocrx_word' id='word_1_95' title='bbox 1344 1521 1347 1528; x_wconf 68' lang='grc'><strong>,</strong></span> 
     </span>
     <span class='ocr_line' id='line_1_11' title="bbox 170 1563 1315 1643; baseline 0 -21"><span class='ocrx_word' id='word_1_96' title='bbox 170 1563 313 1622; x_wconf 87' lang='lat' dir='ltr'><strong>dicntinm</strong></span> <span class='ocrx_word' id='word_1_97' title='bbox 335 1564 453 1622; x_wconf 90' lang='lat' dir='ltr'><strong>illorum</strong></span> <span class='ocrx_word' id='word_1_98' title='bbox 476 1565 529 1642; x_wconf 90' lang='lat' dir='ltr'><strong>qui</strong></span> <span class='ocrx_word' id='word_1_99' title='bbox 550 1583 611 1622; x_wconf 91' lang='lat' dir='ltr'><strong>non</strong></span> <span class='ocrx_word' id='word_1_100' title='bbox 633 1573 703 1624; x_wconf 90' lang='lat' dir='ltr'><strong>sunt</strong></span> <span class='ocrx_word' id='word_1_101' title='bbox 725 1565 834 1634; x_wconf 83' lang='lat' dir='ltr'><strong>locuti,</strong></span> <span class='ocrx_word' id='word_1_102' title='bbox 864 1563 919 1624; x_wconf 91' lang='lat' dir='ltr'><strong>sed</strong></span> <span class='ocrx_word' id='word_1_103' title='bbox 945 1565 1038 1624; x_wconf 89' lang='lat' dir='ltr'><strong>verbo</strong></span> <span class='ocrx_word' id='word_1_104' title='bbox 1061 1574 1114 1625; x_wconf 87' lang='lat' dir='ltr'><strong>aut</strong></span> <span class='ocrx_word' id='word_1_105' title='bbox 1135 1583 1226 1623; x_wconf 85' lang='lat' dir='ltr'><strong>manu</strong></span> <span class='ocrx_word' id='word_1_106' title='bbox 1247 1582 1315 1643; x_wconf 88' lang='lat' dir='ltr'><strong>pro·</strong></span> 
     </span>
     <span class='ocr_line' id='line_1_12' title="bbox 168 1668 1316 1745; baseline 0 -17"><span class='ocrx_word' id='word_1_107' title='bbox 168 1672 260 1729; x_wconf 88' lang='lat' dir='ltr'><strong>missa</strong></span> <span class='ocrx_word' id='word_1_108' title='bbox 281 1689 446 1729; x_wconf 86' lang='lat' dir='ltr'><strong>assensere.</strong></span> <span class='ocrx_word' id='word_1_109' title='bbox 492 1668 643 1730; x_wconf 85' lang='lat' dir='ltr'><strong>Orellius:</strong></span> <span class='ocrx_word' id='word_1_110' title='bbox 675 1674 780 1728; x_wconf 72' lang='lat' dir='ltr'><strong>amites</strong></span> <span class='ocrx_word' id='word_1_111' title='bbox 808 1675 981 1729; x_wconf 76' lang='lat' dir='ltr'><strong>audientium</strong></span> <span class='ocrx_word' id='word_1_112' title='bbox 1006 1693 1094 1731; x_wconf 82' lang='lat' dir='ltr'><strong>moros</strong></span> <span class='ocrx_word' id='word_1_113' title='bbox 1121 1676 1265 1745; x_wconf 71' lang='lat' dir='ltr'><strong>effcomat</strong></span> <span class='ocrx_word' id='word_1_114' title='bbox 1285 1683 1316 1728; x_wconf 86' lang='lat' dir='ltr'><strong>ut</strong></span> 
     </span>
     <span class='ocr_line' id='line_1_13' title="bbox 168 1781 1314 1853; baseline 0 -17"><span class='ocrx_word' id='word_1_115' title='bbox 168 1782 251 1836; x_wconf 81' lang='lat' dir='ltr'><strong>tacito</strong></span> <span class='ocrx_word' id='word_1_116' title='bbox 269 1782 411 1853; x_wconf 77' lang='lat' dir='ltr'><strong><em>plerique,</em></strong></span> <span class='ocrx_word' id='word_1_117' title='bbox 433 1789 463 1836; x_wconf 87' lang='lat' dir='ltr'><strong>ut</strong></span> <span class='ocrx_word' id='word_1_118' title='bbox 485 1782 602 1851; x_wconf 80' lang='lat' dir='ltr'><strong>opinor,</strong></span> <span class='ocrx_word' id='word_1_119' title='bbox 635 1798 665 1835; x_wconf 83' lang='lat' dir='ltr'><strong>so</strong></span> <span class='ocrx_word' id='word_1_120' title='bbox 686 1781 775 1835; x_wconf 83' lang='lat' dir='ltr'><strong>eidem</strong></span> <span class='ocrx_word' id='word_1_121' title='bbox 803 1782 883 1835; x_wconf 79' lang='lat' dir='ltr'><strong>turus</strong></span> <span class='ocrx_word' id='word_1_122' title='bbox 905 1782 974 1837; x_wconf 82' lang='lat' dir='ltr'><strong>uitio</strong></span> <span class='ocrx_word' id='word_1_123' title='bbox 1000 1799 1058 1837; x_wconf 83' lang='lat' dir='ltr'><strong>esso</strong></span> <span class='ocrx_word' id='word_1_124' title='bbox 1090 1783 1218 1838; x_wconf 83' lang='lat' dir='ltr'><strong>odoouios</strong></span> <span class='ocrx_word' id='word_1_125' title='bbox 1242 1787 1314 1850; x_wconf 68' lang='lat' dir='ltr'><strong>sote·</strong></span> 
     </span>
     <span class='ocr_line' id='line_1_14' title="bbox 166 1885 1312 1965; baseline 0 -23"><span class='ocrx_word' id='word_1_126' title='bbox 166 1899 276 1958; x_wconf 76' lang='lat' dir='ltr'><strong>rentur,</strong></span> <span class='ocrx_word' id='word_1_127' title='bbox 299 1907 385 1960; x_wconf 75' lang='lat' dir='ltr'><strong>usquo</strong></span> <span class='ocrx_word' id='word_1_128' title='bbox 406 1890 433 1944; x_wconf 80' lang='lat' dir='ltr'><strong>ei</strong></span> <span class='ocrx_word' id='word_1_129' title='bbox 450 1890 512 1958; x_wconf 75' lang='lat' dir='ltr'><strong>iam</strong></span> <span class='ocrx_word' id='word_1_130' title='bbox 528 1906 610 1959; x_wconf 84' lang='lat' dir='ltr'><strong>posse</strong></span> <span class='ocrx_word' id='word_1_131' title='bbox 629 1888 730 1944; x_wconf 72' lang='lat' dir='ltr'><strong>otsrsti.</strong></span> <span class='ocrx_word' id='word_1_132' title='bbox 776 1885 911 1963; x_wconf 79' lang='lat' dir='ltr'><strong>Uterque</strong></span> <span class='ocrx_word' id='word_1_133' title='bbox 933 1904 1092 1963; x_wconf 83' lang='lat' dir='ltr'><strong>perperam</strong></span> <span class='ocrx_word' id='word_1_134' title='bbox 1117 1893 1149 1944; x_wconf 92' lang='lat' dir='ltr'><strong>ut</strong></span> <span class='ocrx_word' id='word_1_135' title='bbox 1172 1887 1312 1965; x_wconf 90' lang='lat' dir='ltr'><strong>equidem</strong></span> 
     </span>
     <span class='ocr_line' id='line_1_15' title="bbox 169 1975 1314 2072; baseline -0.003 -22"><span class='ocrx_word' id='word_1_136' title='bbox 169 1999 262 2068; x_wconf 89' lang='lat' dir='ltr'><strong>duco;</strong></span> <span class='ocrx_word' id='word_1_137' title='bbox 293 2012 328 2051; x_wconf 89' lang='lat' dir='ltr'><strong>ac</strong></span> <span class='ocrx_word' id='word_1_138' title='bbox 355 2013 394 2052; x_wconf 94' lang='lat' dir='ltr'><strong>ne</strong></span> <span class='ocrx_word' id='word_1_139' title='bbox 417 1993 639 2071; x_wconf 84' lang='lat' dir='ltr'><strong>Nipperdsjum</strong></span> <span class='ocrx_word' id='word_1_140' title='bbox 670 1992 792 2072; x_wconf 87' lang='lat' dir='ltr'><strong>quidem</strong></span> <span class='ocrx_word' id='word_1_141' title='bbox 821 2011 942 2051; x_wconf 88' lang='lat' dir='ltr'><strong>sensum</strong></span> <span class='ocrx_word' id='word_1_142' title='bbox 966 1993 1039 2051; x_wconf 89' lang='lat' dir='ltr'><strong>satis</strong></span> <span class='ocrx_word' id='word_1_143' title='bbox 1062 1991 1141 2052; x_wconf 88' lang='lat' dir='ltr'><strong>clare</strong></span> <span class='ocrx_word' id='word_1_144' title='bbox 1165 1975 1314 2051; x_wconf 67' lang='lat' dir='ltr'><strong>evolviise</strong></span> 
     </span>
    </p>
   </div>
   <div class='ocr_carea' id='block_1_2' title="bbox 151 2098 1315 2190">
    <p class='ocr_par' dir='ltr' id='par_1_2' title="bbox 151 2098 1315 2190">
     <span class='ocr_line' id='line_1_16' title="bbox 151 2098 1315 2190; baseline -0.008 -27"><span class='ocrx_word' id='word_1_145' title='bbox 151 2100 349 2164; x_wconf 71' lang='lat' dir='ltr'><strong>,contendere</strong></span> <span class='ocrx_word' id='word_1_146' title='bbox 380 2102 493 2175; x_wconf 88' lang='lat' dir='ltr'><strong>ausim,</strong></span> <span class='ocrx_word' id='word_1_147' title='bbox 527 2121 618 2179; x_wconf 87' lang='lat' dir='ltr'><strong>quum</strong></span> <span class='ocrx_word' id='word_1_148' title='bbox 645 2101 670 2158; x_wconf 92' lang='lat' dir='ltr'><strong>is</strong></span> <span class='ocrx_word' id='word_1_149' title='bbox 701 2099 798 2190; x_wconf 80' lang='lat' dir='ltr'><strong>dicat,</strong></span> <span class='ocrx_word' id='word_1_150' title='bbox 827 2105 962 2173; x_wconf 71' lang='lat' dir='ltr'><strong>consessio</strong></span> <span class='ocrx_word' id='word_1_151' title='bbox 987 2105 1117 2160; x_wconf 83' lang='lat' dir='ltr'><strong>citiorum</strong></span> <span class='ocrx_word' id='word_1_152' title='bbox 1148 2117 1229 2158; x_wconf 87' lang='lat' dir='ltr'><strong>esse:</strong></span> <span class='ocrx_word' id='word_1_153' title='bbox 1260 2098 1315 2157; x_wconf 88' lang='lat' dir='ltr'><strong>der</strong></span> 
     </span>
    </p>
   </div>
   <div class='ocr_carea' id='block_1_3' title="bbox 166 2205 1360 2824">
    <p class='ocr_par' dir='ltr' id='par_1_3' title="bbox 166 2205 1360 2824">
     <span class='ocr_line' id='line_1_17' title="bbox 169 2205 1312 2281; baseline -0.005 -13"><span class='ocrx_word' id='word_1_154' title='bbox 169 2208 318 2268; x_wconf 89' lang='lat' dir='ltr'><strong>Umstand</strong></span> <span class='ocrx_word' id='word_1_155' title='bbox 341 2208 410 2266; x_wconf 86' lang='lat' dir='ltr'><strong>dese</strong></span> <span class='ocrx_word' id='word_1_156' title='bbox 433 2227 503 2267; x_wconf 89' lang='lat' dir='ltr'><strong>man</strong></span> <span class='ocrx_word' id='word_1_157' title='bbox 527 2208 588 2266; x_wconf 85' lang='lat' dir='ltr'><strong>sicb</strong></span> <span class='ocrx_word' id='word_1_158' title='bbox 615 2208 696 2266; x_wconf 88' lang='lat' dir='ltr'><strong>nicht</strong></span> <span class='ocrx_word' id='word_1_159' title='bbox 719 2207 844 2266; x_wconf 81' lang='lat' dir='ltr'><strong>acbente</strong></span> <span class='ocrx_word' id='word_1_160' title='bbox 866 2206 916 2266; x_wconf 87' lang='lat' dir='ltr'><strong>dic</strong></span> <span class='ocrx_word' id='word_1_161' title='bbox 938 2207 1047 2266; x_wconf 87' lang='lat' dir='ltr'><strong>Laster</strong></span> <span class='ocrx_word' id='word_1_162' title='bbox 1070 2205 1312 2281; x_wconf 83' lang='lat' dir='ltr'><strong>einuugeeteben.</strong></span> 
     </span>
     <span class='ocr_line' id='line_1_18' title="bbox 168 2313 1312 2394; baseline -0.005 -20"><span class='ocrx_word' id='word_1_163' title='bbox 168 2317 257 2374; x_wconf 86' lang='lat' dir='ltr'><strong>Mitto</strong></span> <span class='ocrx_word' id='word_1_164' title='bbox 281 2315 489 2392; x_wconf 77' lang='lat' dir='ltr'><strong>waltherum,</strong></span> <span class='ocrx_word' id='word_1_165' title='bbox 513 2317 599 2374; x_wconf 90' lang='lat' dir='ltr'><strong>mitto</strong></span> <span class='ocrx_word' id='word_1_166' title='bbox 623 2327 652 2374; x_wconf 87' lang='lat' dir='ltr'><strong>et</strong></span> <span class='ocrx_word' id='word_1_167' title='bbox 676 2316 833 2393; x_wconf 89' lang='lat' dir='ltr'><strong>Lipsium,</strong></span> <span class='ocrx_word' id='word_1_168' title='bbox 864 2316 917 2394; x_wconf 91' lang='lat' dir='ltr'><strong>qui</strong></span> <span class='ocrx_word' id='word_1_169' title='bbox 947 2335 1002 2393; x_wconf 92' lang='lat' dir='ltr'><strong>pro</strong></span> <span class='ocrx_word' id='word_1_170' title='bbox 1032 2319 1168 2388; x_wconf 75' lang='lat' dir='ltr'><strong>confossis</strong></span> <span class='ocrx_word' id='word_1_171' title='bbox 1200 2313 1312 2372; x_wconf 78' lang='lat' dir='ltr'><strong>frustra</strong></span> 
     </span>
     <span class='ocr_line' id='line_1_19' title="bbox 167 2421 1310 2500; baseline -0.003 -19"><span class='ocrx_word' id='word_1_172' title='bbox 167 2424 298 2500; x_wconf 81' lang='lat' dir='ltr'><strong>conjecit</strong></span> <span class='ocrx_word' id='word_1_173' title='bbox 319 2428 464 2482; x_wconf 77' lang='lat' dir='ltr'><strong>omuuuio.</strong></span> <span class='ocrx_word' id='word_1_174' title='bbox 511 2423 613 2482; x_wconf 88' lang='lat' dir='ltr'><strong>Verba</strong></span> <span class='ocrx_word' id='word_1_175' title='bbox 635 2427 771 2495; x_wconf 80' lang='lat' dir='ltr'><strong>confessio</strong></span> <span class='ocrx_word' id='word_1_176' title='bbox 792 2427 922 2481; x_wconf 77' lang='lat' dir='ltr'><strong>uitiorum</strong></span> <span class='ocrx_word' id='word_1_177' title='bbox 944 2423 1095 2499; x_wconf 83' lang='lat' dir='ltr'><strong>pertinent</strong></span> <span class='ocrx_word' id='word_1_178' title='bbox 1117 2421 1155 2479; x_wconf 90' lang='lat' dir='ltr'><strong>ad</strong></span> <span class='ocrx_word' id='word_1_179' title='bbox 1178 2440 1214 2476; x_wconf 87' lang='lat' dir='ltr'><strong>ea</strong></span> <span class='ocrx_word' id='word_1_180' title='bbox 1233 2437 1310 2498; x_wconf 83' lang='lat' dir='ltr'><strong>quse</strong></span> 
     </span>
     <span class='ocr_line' id='line_1_20' title="bbox 166 2524 1310 2609; baseline -0.006 -21"><span class='ocrx_word' id='word_1_181' title='bbox 166 2532 232 2609; x_wconf 88' lang='lat' dir='ltr'><strong>ipse</strong></span> <span class='ocrx_word' id='word_1_182' title='bbox 255 2529 362 2591; x_wconf 83' lang='lat' dir='ltr'><strong>Gallus</strong></span> <span class='ocrx_word' id='word_1_183' title='bbox 391 2539 479 2589; x_wconf 89' lang='lat' dir='ltr'><strong>antee</strong></span> <span class='ocrx_word' id='word_1_184' title='bbox 509 2531 559 2588; x_wconf 82' lang='lat' dir='ltr'><strong>sut</strong></span> <span class='ocrx_word' id='word_1_185' title='bbox 586 2534 704 2589; x_wconf 73' lang='lat' dir='ltr'><strong>tereretis</strong></span> <span class='ocrx_word' id='word_1_186' title='bbox 733 2533 887 2588; x_wconf 75' lang='lat' dir='ltr'><strong>assumus</strong></span> <span class='ocrx_word' id='word_1_187' title='bbox 915 2535 1008 2586; x_wconf 78' lang='lat' dir='ltr'><strong>sess</strong></span> <span class='ocrx_word' id='word_1_188' title='bbox 1038 2528 1125 2606; x_wconf 84' lang='lat' dir='ltr'><strong>qussi</strong></span> <span class='ocrx_word' id='word_1_189' title='bbox 1157 2524 1310 2584; x_wconf 89' lang='lat' dir='ltr'><strong>confessus</strong></span> 
     </span>
     <span class='ocr_line' id='line_1_21' title="bbox 167 2633 1310 2717; baseline -0.006 -21"><span class='ocrx_word' id='word_1_190' title='bbox 167 2648 227 2711; x_wconf 86' lang='lat' dir='ltr'><strong>est,</strong></span> <span class='ocrx_word' id='word_1_191' title='bbox 251 2658 342 2717; x_wconf 91' lang='lat' dir='ltr'><strong>quum</strong></span> <span class='ocrx_word' id='word_1_192' title='bbox 366 2657 404 2696; x_wconf 85' lang='lat' dir='ltr'><strong>cx</strong></span> <span class='ocrx_word' id='word_1_193' title='bbox 428 2657 463 2696; x_wconf 90' lang='lat' dir='ltr'><strong>eo</strong></span> <span class='ocrx_word' id='word_1_194' title='bbox 487 2637 568 2715; x_wconf 89' lang='lat' dir='ltr'><strong>qnod</strong></span> <span class='ocrx_word' id='word_1_195' title='bbox 590 2637 695 2696; x_wconf 88' lang='lat' dir='ltr'><strong>ludum</strong></span> <span class='ocrx_word' id='word_1_196' title='bbox 719 2636 855 2695; x_wconf 81' lang='lat' dir='ltr'><strong>defendit</strong></span> <span class='ocrx_word' id='word_1_197' title='bbox 884 2633 1106 2714; x_wconf 89' lang='lat' dir='ltr'><strong>quodammodo</strong></span> <span class='ocrx_word' id='word_1_198' title='bbox 1140 2641 1310 2710; x_wconf 78' lang='lat' dir='ltr'><strong>appareret,</strong></span> 
     </span>
     <span class='ocr_line' id='line_1_22' title="bbox 167 2726 1360 2824; baseline -0.005 -22"><span class='ocrx_word' id='word_1_199' title='bbox 167 2765 199 2804; x_wconf 88' lang='lat' dir='ltr'><strong>se</strong></span> <span class='ocrx_word' id='word_1_200' title='bbox 221 2763 342 2824; x_wconf 89' lang='lat' dir='ltr'><strong>quoquo</strong></span> <span class='ocrx_word' id='word_1_201' title='bbox 364 2745 392 2802; x_wconf 88' lang='lat' dir='ltr'><strong>ei</strong></span> <span class='ocrx_word' id='word_1_202' title='bbox 414 2761 481 2802; x_wconf 84' lang='lat' dir='ltr'><strong>csse</strong></span> <span class='ocrx_word' id='word_1_203' title='bbox 503 2743 675 2802; x_wconf 89' lang='lat' dir='ltr'><strong>obnoxium.</strong></span> <span class='ocrx_word' id='word_1_204' title='bbox 720 2743 805 2818; x_wconf 84' lang='lat' dir='ltr'><strong>Quae</strong></span> <span class='ocrx_word' id='word_1_205' title='bbox 828 2743 879 2802; x_wconf 92' lang='lat' dir='ltr'><strong>ubi</strong></span> <span class='ocrx_word' id='word_1_206' title='bbox 901 2742 1063 2801; x_wconf 87' lang='lat' dir='ltr'><strong>audierunt</strong></span> <span class='ocrx_word' id='word_1_207' title='bbox 1090 2741 1199 2812; x_wconf 88' lang='lat' dir='ltr'><strong>ceteri,</strong></span> <span class='ocrx_word' id='word_1_208' title='bbox 1222 2737 1310 2798; x_wconf 85' lang='lat' dir='ltr'><strong>Gallo</strong></span> <span class='ocrx_word' id='word_1_209' title='bbox 1356 2726 1360 2734; x_wconf 62' lang='grc'><em>’</em></span> 
     </span>
    </p>
   </div>
   <div class='ocr_carea' id='block_1_4' title="bbox 121 2846 1312 2931">
    <p class='ocr_par' dir='ltr' id='par_1_4' title="bbox 121 2846 1312 2931">
     <span class='ocr_line' id='line_1_23' title="bbox 121 2846 1312 2931; baseline -0.007 -21"><span class='ocrx_word' id='word_1_210' title='bbox 121 2879 126 2890; x_wconf 84' lang='grc'><em>·</em></span> <span class='ocrx_word' id='word_1_211' title='bbox 166 2854 197 2910; x_wconf 93' lang='lat' dir='ltr'><strong>in</strong></span> <span class='ocrx_word' id='word_1_212' title='bbox 219 2853 275 2912; x_wconf 89' lang='lat' dir='ltr'><strong>hac</strong></span> <span class='ocrx_word' id='word_1_213' title='bbox 297 2871 329 2909; x_wconf 87' lang='lat' dir='ltr'><strong>re</strong></span> <span class='ocrx_word' id='word_1_214' title='bbox 351 2852 464 2910; x_wconf 86' lang='lat' dir='ltr'><strong>similes</strong></span> <span class='ocrx_word' id='word_1_215' title='bbox 488 2851 545 2908; x_wconf 87' lang='lat' dir='ltr'><strong>sibi</strong></span> <span class='ocrx_word' id='word_1_216' title='bbox 572 2853 630 2909; x_wconf 86' lang='lat' dir='ltr'><strong>visi</strong></span> <span class='ocrx_word' id='word_1_217' title='bbox 659 2860 764 2923; x_wconf 68' lang='lat' dir='ltr'><strong>stunt,v</strong></span> <span class='ocrx_word' id='word_1_218' title='bbox 781 2869 878 2931; x_wconf 89' lang='lat' dir='ltr'><strong>eoque</strong></span> <span class='ocrx_word' id='word_1_219' title='bbox 907 2852 978 2929; x_wconf 89' lang='lat' dir='ltr'><strong>quia</strong></span> <span class='ocrx_word' id='word_1_220' title='bbox 1008 2849 1122 2929; x_wconf 90' lang='lat' dir='ltr'><strong>aliquid</strong></span> <span class='ocrx_word' id='word_1_221' title='bbox 1156 2846 1312 2906; x_wconf 86' lang='lat' dir='ltr'><strong>excusavit</strong></span> 
     </span>
    </p>
   </div>
   <div class='ocr_carea' id='block_1_5' title="bbox 163 2956 1344 4532">
    <p class='ocr_par' dir='ltr' id='par_1_5' title="bbox 166 2956 1312 3364">
     <span class='ocr_line' id='line_1_24' title="bbox 167 2956 1311 3038; baseline -0.005 -20"><span class='ocrx_word' id='word_1_222' title='bbox 167 2959 246 3038; x_wconf 92' lang='lat' dir='ltr'><strong>quod</strong></span> <span class='ocrx_word' id='word_1_223' title='bbox 279 2961 310 3018; x_wconf 93' lang='lat' dir='ltr'><strong>in</strong></span> <span class='ocrx_word' id='word_1_224' title='bbox 340 2978 444 3018; x_wconf 90' lang='lat' dir='ltr'><strong>omnes</strong></span> <span class='ocrx_word' id='word_1_225' title='bbox 476 2959 564 3017; x_wconf 91' lang='lat' dir='ltr'><strong>simul</strong></span> <span class='ocrx_word' id='word_1_226' title='bbox 597 2959 722 3032; x_wconf 87' lang='lat' dir='ltr'><strong>cecidit,</strong></span> <span class='ocrx_word' id='word_1_227' title='bbox 756 2957 843 3016; x_wconf 80' lang='lat' dir='ltr'><strong>facilc</strong></span> <span class='ocrx_word' id='word_1_228' title='bbox 881 2958 1052 3017; x_wconf 83' lang='lat' dir='ltr'><strong>adsensere.</strong></span> <span class='ocrx_word' id='word_1_229' title='bbox 1109 2956 1213 3034; x_wconf 88' lang='lat' dir='ltr'><strong>ltaque</strong></span> <span class='ocrx_word' id='word_1_230' title='bbox 1241 2973 1311 3013; x_wconf 88' lang='lat' dir='ltr'><strong>con·</strong></span> 
     </span>
     <span class='ocr_line' id='line_1_25' title="bbox 167 3061 1311 3146; baseline -0.004 -22"><span class='ocrx_word' id='word_1_231' title='bbox 167 3067 257 3125; x_wconf 85' lang='lat' dir='ltr'><strong>fessio</strong></span> <span class='ocrx_word' id='word_1_232' title='bbox 274 3066 402 3146; x_wconf 57' lang='lat' dir='ltr'><strong>quidem</strong></span> <span class='ocrx_word' id='word_1_233' title='bbox 426 3066 567 3124; x_wconf 90' lang='lat' dir='ltr'><strong>vitiorum</strong></span> <span class='ocrx_word' id='word_1_234' title='bbox 599 3085 653 3144; x_wconf 90' lang='lat' dir='ltr'><strong>per</strong></span> <span class='ocrx_word' id='word_1_235' title='bbox 683 3083 715 3124; x_wconf 90' lang='lat' dir='ltr'><strong>se</strong></span> <span class='ocrx_word' id='word_1_236' title='bbox 745 3067 812 3144; x_wconf 88' lang='lat' dir='ltr'><strong>ipsa</strong></span> <span class='ocrx_word' id='word_1_237' title='bbox 845 3066 1005 3124; x_wconf 78' lang='lat' dir='ltr'><strong>adsensum</strong></span> <span class='ocrx_word' id='word_1_238' title='bbox 1032 3083 1091 3122; x_wconf 88' lang='lat' dir='ltr'><strong>oon</strong></span> <span class='ocrx_word' id='word_1_239' title='bbox 1123 3062 1224 3134; x_wconf 85' lang='lat' dir='ltr'><strong>dedit,</strong></span> <span class='ocrx_word' id='word_1_240' title='bbox 1258 3061 1311 3120; x_wconf 88' lang='lat' dir='ltr'><strong>sed</strong></span> 
     </span>
     <span class='ocr_line' id='line_1_26' title="bbox 166 3169 1312 3253; baseline -0.005 -21"><span class='ocrx_word' id='word_1_241' title='bbox 166 3173 259 3233; x_wconf 86' lang='lat' dir='ltr'><strong>verba</strong></span> <span class='ocrx_word' id='word_1_242' title='bbox 282 3173 320 3232; x_wconf 91' lang='lat' dir='ltr'><strong>ad</strong></span> <span class='ocrx_word' id='word_1_243' title='bbox 344 3192 422 3252; x_wconf 88' lang='lat' dir='ltr'><strong>quae</strong></span> <span class='ocrx_word' id='word_1_244' title='bbox 444 3175 569 3232; x_wconf 84' lang='lat' dir='ltr'><strong>attinet:</strong></span> <span class='ocrx_word' id='word_1_245' title='bbox 592 3177 745 3232; x_wconf 80' lang='lat' dir='ltr'><strong>similitudo</strong></span> <span class='ocrx_word' id='word_1_246' title='bbox 767 3177 951 3253; x_wconf 61' lang='lat' dir='ltr'><strong>madiemtumg,</strong></span> <span class='ocrx_word' id='word_1_247' title='bbox 982 3191 1018 3230; x_wconf 91' lang='lat' dir='ltr'><strong>ea</strong></span> <span class='ocrx_word' id='word_1_248' title='bbox 1034 3175 1124 3250; x_wconf 84' lang='lat' dir='ltr'><strong>quarn</strong></span> <span class='ocrx_word' id='word_1_249' title='bbox 1154 3169 1312 3248; x_wconf 77' lang='lat' dir='ltr'><strong>spectabat</strong></span> 
     </span>
     <span class='ocr_line' id='line_1_27' title="bbox 167 3277 1263 3364; baseline -0.007 -24"><span class='ocrx_word' id='word_1_250' title='bbox 167 3282 295 3359; x_wconf 84' lang='lat' dir='ltr'><strong>scriptor</strong></span> <span class='ocrx_word' id='word_1_251' title='bbox 319 3281 623 3364; x_wconf 85' lang='lat' dir='ltr'><strong>significationesine</strong></span> <span class='ocrx_word' id='word_1_252' title='bbox 646 3281 699 3338; x_wconf 92' lang='lat' dir='ltr'><strong>illa</strong></span> <span class='ocrx_word' id='word_1_253' title='bbox 721 3299 775 3339; x_wconf 86' lang='lat' dir='ltr'><strong>noc</strong></span> <span class='ocrx_word' id='word_1_254' title='bbox 798 3280 924 3354; x_wconf 83' lang='lat' dir='ltr'><strong>cogitari</strong></span> <span class='ocrx_word' id='word_1_255' title='bbox 950 3298 1006 3336; x_wconf 90' lang='lat' dir='ltr'><strong>nec</strong></span> <span class='ocrx_word' id='word_1_256' title='bbox 1030 3277 1089 3336; x_wconf 92' lang='lat' dir='ltr'><strong>dici</strong></span> <span class='ocrx_word' id='word_1_257' title='bbox 1111 3282 1263 3354; x_wconf 70' lang='lat' dir='ltr'><strong>poterunt.</strong></span> 
     </span>
    </p>

    <p class='ocr_par' dir='ltr' id='par_1_6' title="bbox 165 3387 1344 4109">
     <span class='ocr_line' id='line_1_28' title="bbox 251 3387 1311 3462; baseline -0.007 -15"><span class='ocrx_word' id='word_1_258' title='bbox 251 3389 333 3448; x_wconf 91' lang='lat' dir='ltr'><strong>Hist.</strong></span> <span class='ocrx_word' id='word_1_259' title='bbox 355 3387 411 3462; x_wconf 79' lang='grc' dir='ltr'><strong>ΠΙ,</strong></span> <span class='ocrx_word' id='word_1_260' title='bbox 434 3389 492 3446; x_wconf 84' lang='grc'><strong>44;</strong></span> <span class='ocrx_word' id='word_1_261' title='bbox 515 3392 621 3446; x_wconf 81' lang='lat' dir='ltr'><strong>inditus</strong></span> <span class='ocrx_word' id='word_1_262' title='bbox 643 3409 709 3460; x_wconf 80' lang='lat' dir='ltr'><strong>erpo</strong></span> <span class='ocrx_word' id='word_1_263' title='bbox 737 3392 937 3460; x_wconf 77' lang='lat' dir='ltr'><strong>Vespasianum</strong></span> <span class='ocrx_word' id='word_1_264' title='bbox 958 3393 1058 3459; x_wconf 84' lang='lat' dir='ltr'><strong>fauor,</strong></span> <span class='ocrx_word' id='word_1_265' title='bbox 1090 3389 1165 3458; x_wconf 79' lang='lat' dir='ltr'><strong>quod</strong></span> <span class='ocrx_word' id='word_1_266' title='bbox 1190 3387 1251 3442; x_wconf 84' lang='lat' dir='ltr'><strong>illio</strong></span> <span class='ocrx_word' id='word_1_267' title='bbox 1271 3405 1311 3440; x_wconf 84' lang='lat' dir='ltr'><strong>se·</strong></span> 
     </span>
     <span class='ocr_line' id='line_1_29' title="bbox 166 3485 1309 3568; baseline -0.003 -16"><span class='ocrx_word' id='word_1_268' title='bbox 166 3501 273 3552; x_wconf 69' lang='lat' dir='ltr'><strong>omacius</strong></span> <span class='ocrx_word' id='word_1_269' title='bbox 294 3485 396 3566; x_wconf 77' lang='lat' dir='ltr'><strong>lopiooi</strong></span> <span class='ocrx_word' id='word_1_270' title='bbox 416 3515 435 3550; x_wconf 89' lang='lat' dir='ltr'><strong>o</strong></span> <span class='ocrx_word' id='word_1_271' title='bbox 457 3497 577 3552; x_wconf 77' lang='lat' dir='ltr'><strong>Claudio</strong></span> <span class='ocrx_word' id='word_1_272' title='bbox 602 3497 782 3568; x_wconf 78' lang='lat' dir='ltr'><strong>praepositus</strong></span> <span class='ocrx_word' id='word_1_273' title='bbox 815 3505 840 3552; x_wconf 83' lang='lat' dir='ltr'><strong>ot</strong></span> <span class='ocrx_word' id='word_1_274' title='bbox 863 3493 932 3552; x_wconf 79' lang='lat' dir='ltr'><strong>bollo</strong></span> <span class='ocrx_word' id='word_1_275' title='bbox 965 3497 1060 3550; x_wconf 78' lang='lat' dir='ltr'><strong>olemus</strong></span> <span class='ocrx_word' id='word_1_276' title='bbox 1086 3501 1185 3563; x_wconf 76' lang='lat' dir='ltr'><strong>operat.</strong></span> <span class='ocrx_word' id='word_1_277' title='bbox 1239 3490 1309 3548; x_wconf 90' lang='lat' dir='ltr'><strong>Non</strong></span> 
     </span>
     <span class='ocr_line' id='line_1_30' title="bbox 166 3600 1311 3682; baseline -0.004 -22"><span class='ocrx_word' id='word_1_278' title='bbox 166 3621 201 3660; x_wconf 92' lang='lat' dir='ltr'><strong>oo</strong></span> <span class='ocrx_word' id='word_1_279' title='bbox 225 3602 305 3682; x_wconf 84' lang='lat' dir='ltr'><strong>quod</strong></span> <span class='ocrx_word' id='word_1_280' title='bbox 329 3602 442 3676; x_wconf 85' lang='lat' dir='ltr'><strong>legioni</strong></span> <span class='ocrx_word' id='word_1_281' title='bbox 465 3603 655 3681; x_wconf 87' lang='lat' dir='ltr'><strong>praepositus</strong></span> <span class='ocrx_word' id='word_1_282' title='bbox 679 3611 744 3660; x_wconf 85' lang='lat' dir='ltr'><strong>erat</strong></span> <span class='ocrx_word' id='word_1_283' title='bbox 769 3602 902 3660; x_wconf 85' lang='lat' dir='ltr'><strong>favorem</strong></span> <span class='ocrx_word' id='word_1_284' title='bbox 927 3600 1055 3658; x_wconf 86' lang='lat' dir='ltr'><strong>militum</strong></span> <span class='ocrx_word' id='word_1_285' title='bbox 1074 3603 1229 3655; x_wconf 86' lang='lat' dir='ltr'><strong>assecutus</strong></span> <span class='ocrx_word' id='word_1_286' title='bbox 1244 3615 1311 3655; x_wconf 88' lang='lat' dir='ltr'><strong>esse</strong></span> 
     </span>
     <span class='ocr_line' id='line_1_31' title="bbox 166 3705 1344 3787; baseline -0.008 -19"><span class='ocrx_word' id='word_1_287' title='bbox 166 3709 373 3786; x_wconf 86' lang='lat' dir='ltr'><strong>Vespasianus</strong></span> <span class='ocrx_word' id='word_1_288' title='bbox 396 3708 513 3780; x_wconf 87' lang='lat' dir='ltr'><strong>dicitur,</strong></span> <span class='ocrx_word' id='word_1_289' title='bbox 536 3708 591 3767; x_wconf 90' lang='lat' dir='ltr'><strong>sed</strong></span> <span class='ocrx_word' id='word_1_290' title='bbox 614 3708 695 3787; x_wconf 84' lang='lat' dir='ltr'><strong>quod</strong></span> <span class='ocrx_word' id='word_1_291' title='bbox 719 3708 797 3767; x_wconf 90' lang='lat' dir='ltr'><strong>bello</strong></span> <span class='ocrx_word' id='word_1_292' title='bbox 821 3708 849 3765; x_wconf 90' lang='lat' dir='ltr'><strong>in</strong></span> <span class='ocrx_word' id='word_1_293' title='bbox 873 3705 1043 3765; x_wconf 85' lang='lat' dir='ltr'><strong>Brittannia</strong></span> <span class='ocrx_word' id='word_1_294' title='bbox 1070 3705 1167 3762; x_wconf 87' lang='lat' dir='ltr'><strong>clarus</strong></span> <span class='ocrx_word' id='word_1_295' title='bbox 1199 3711 1311 3777; x_wconf 78' lang='lat' dir='ltr'><strong>egerat.</strong></span> <span class='ocrx_word' id='word_1_296' title='bbox 1340 3705 1344 3716; x_wconf 91' lang='lat'>&#39;</span> 
     </span>
     <span class='ocr_line' id='line_1_32' title="bbox 165 3812 1310 3892; baseline -0.007 -18"><span class='ocrx_word' id='word_1_297' title='bbox 165 3814 233 3874; x_wconf 91' lang='lat' dir='ltr'><strong>Hoc</strong></span> <span class='ocrx_word' id='word_1_298' title='bbox 256 3832 329 3872; x_wconf 83' lang='lat' dir='ltr'><strong>vero</strong></span> <span class='ocrx_word' id='word_1_299' title='bbox 352 3815 416 3872; x_wconf 84' lang='lat' dir='ltr'><strong>sine</strong></span> <span class='ocrx_word' id='word_1_300' title='bbox 438 3814 490 3873; x_wconf 92' lang='lat' dir='ltr'><strong>illo</strong></span> <span class='ocrx_word' id='word_1_301' title='bbox 513 3814 579 3872; x_wconf 90' lang='lat' dir='ltr'><strong>fieri</strong></span> <span class='ocrx_word' id='word_1_302' title='bbox 602 3833 660 3872; x_wconf 90' lang='lat' dir='ltr'><strong>non</strong></span> <span class='ocrx_word' id='word_1_303' title='bbox 684 3815 800 3892; x_wconf 80' lang='lat' dir='ltr'><strong>potuit3</strong></span> <span class='ocrx_word' id='word_1_304' title='bbox 831 3832 903 3888; x_wconf 85' lang='lat' dir='ltr'><strong>ergo</strong></span> <span class='ocrx_word' id='word_1_305' title='bbox 926 3812 1077 3870; x_wconf 89' lang='lat' dir='ltr'><strong>notionem</strong></span> <span class='ocrx_word' id='word_1_306' title='bbox 1101 3818 1179 3888; x_wconf 84' lang='lat' dir='ltr'><strong>qnae</strong></span> <span class='ocrx_word' id='word_1_307' title='bbox 1202 3825 1310 3884; x_wconf 85' lang='lat' dir='ltr'><strong>reapse</strong></span> 
     </span>
     <span class='ocr_line' id='line_1_33' title="bbox 165 3913 1309 3999; baseline -0.006 -19"><span class='ocrx_word' id='word_1_308' title='bbox 165 3920 324 3981; x_wconf 87' lang='lat' dir='ltr'><strong>antecedat</strong></span> <span class='ocrx_word' id='word_1_309' title='bbox 346 3939 468 3980; x_wconf 87' lang='lat' dir='ltr'><strong>necesse</strong></span> <span class='ocrx_word' id='word_1_310' title='bbox 490 3931 550 3992; x_wconf 88' lang='lat' dir='ltr'><strong>est,</strong></span> <span class='ocrx_word' id='word_1_311' title='bbox 572 3922 727 3999; x_wconf 91' lang='lat' dir='ltr'><strong>praemisit</strong></span> <span class='ocrx_word' id='word_1_312' title='bbox 749 3921 877 3998; x_wconf 88' lang='lat' dir='ltr'><strong>scriptor</strong></span> <span class='ocrx_word' id='word_1_313' title='bbox 901 3928 991 3997; x_wconf 86' lang='lat' dir='ltr'><strong>etque</strong></span> <span class='ocrx_word' id='word_1_314' title='bbox 1013 3918 1139 3977; x_wconf 85' lang='lat' dir='ltr'><strong>alteram</strong></span> <span class='ocrx_word' id='word_1_315' title='bbox 1162 3913 1249 3992; x_wconf 89' lang='lat' dir='ltr'><strong>qnasi</strong></span> <span class='ocrx_word' id='word_1_316' title='bbox 1270 3933 1309 3973; x_wconf 84' lang='lat' dir='ltr'><strong>ex</strong></span> 
     </span>
     <span class='ocr_line' id='line_1_34' title="bbox 165 4029 432 4109; baseline -0.007 -21"><span class='ocrx_word' id='word_1_317' title='bbox 165 4049 261 4109; x_wconf 88' lang='lat' dir='ltr'><strong>aequo</strong></span> <span class='ocrx_word' id='word_1_318' title='bbox 284 4029 432 4106; x_wconf 84' lang='lat' dir='ltr'><strong>adjunxit.</strong></span> 
     </span>
    </p>

    <p class='ocr_par' dir='ltr' id='par_1_7' title="bbox 163 4131 1308 4430">
     <span class='ocr_line' id='line_1_35' title="bbox 252 4131 1308 4210; baseline -0.008 -16"><span class='ocrx_word' id='word_1_319' title='bbox 252 4137 333 4194; x_wconf 90' lang='lat' dir='ltr'><strong>Hist.</strong></span> <span class='ocrx_word' id='word_1_320' title='bbox 348 4137 389 4208; x_wconf 80' lang='lat' dir='ltr'><strong>H,</strong></span> <span class='ocrx_word' id='word_1_321' title='bbox 407 4139 468 4196; x_wconf 81' lang='lat'>21:-</span> <span class='ocrx_word' id='word_1_322' title='bbox 497 4140 640 4194; x_wconf 84' lang='lat' dir='ltr'><strong>Vitoliioni</strong></span> <span class='ocrx_word' id='word_1_323' title='bbox 659 4141 767 4210; x_wconf 80' lang='lat' dir='ltr'><strong>pluteos</strong></span> <span class='ocrx_word' id='word_1_324' title='bbox 788 4146 930 4207; x_wconf 76' lang='lat' dir='ltr'><strong>cratesque</strong></span> <span class='ocrx_word' id='word_1_325' title='bbox 952 4143 978 4190; x_wconf 85' lang='lat' dir='ltr'><strong>ot</strong></span> <span class='ocrx_word' id='word_1_326' title='bbox 998 4136 1093 4190; x_wconf 83' lang='lat' dir='ltr'><strong>uineas</strong></span> <span class='ocrx_word' id='word_1_327' title='bbox 1114 4131 1308 4200; x_wconf 72' lang='lat' dir='ltr'><strong>subfodiendis</strong></span> 
     </span>
     <span class='ocr_line' id='line_1_36' title="bbox 163 4235 1307 4320; baseline -0.01 -16"><span class='ocrx_word' id='word_1_328' title='bbox 163 4250 251 4304; x_wconf 83' lang='lat' dir='ltr'><strong>muris</strong></span> <span class='ocrx_word' id='word_1_329' title='bbox 267 4249 497 4320; x_wconf 71' lang='lat' dir='ltr'><strong>procursusque</strong></span> <span class='ocrx_word' id='word_1_330' title='bbox 519 4249 750 4318; x_wconf 80' lang='lat' dir='ltr'><strong>obpupuutoritus</strong></span> <span class='ocrx_word' id='word_1_331' title='bbox 771 4277 812 4289; x_wconf 86' lang='grc'><strong>--</strong></span> <span class='ocrx_word' id='word_1_332' title='bbox 836 4247 1024 4316; x_wconf 81' lang='lat' dir='ltr'><strong>cupediebout.</strong></span> <span class='ocrx_word' id='word_1_333' title='bbox 1069 4239 1170 4298; x_wconf 88' lang='lat' dir='ltr'><strong>Plutci</strong></span> <span class='ocrx_word' id='word_1_334' title='bbox 1186 4236 1235 4296; x_wconf 88' lang='lat' dir='ltr'><strong>vel</strong></span> <span class='ocrx_word' id='word_1_335' title='bbox 1255 4235 1307 4294; x_wconf 86' lang='lat' dir='ltr'><strong>ad·</strong></span> 
     </span>
     <span class='ocr_line' id='line_1_37' title="bbox 164 4341 1307 4430; baseline -0.01 -19"><span class='ocrx_word' id='word_1_336' title='bbox 164 4351 344 4413; x_wconf 87' lang='lat' dir='ltr'><strong>bibebantnr</strong></span> <span class='ocrx_word' id='word_1_337' title='bbox 366 4350 406 4408; x_wconf 88' lang='lat' dir='ltr'><strong>ad</strong></span> <span class='ocrx_word' id='word_1_338' title='bbox 427 4350 630 4430; x_wconf 85' lang='lat' dir='ltr'><strong>protegendos</strong></span> <span class='ocrx_word' id='word_1_339' title='bbox 658 4349 880 4428; x_wconf 85' lang='lat' dir='ltr'><strong>obpugnatores</strong></span> <span class='ocrx_word' id='word_1_340' title='bbox 906 4354 943 4406; x_wconf 87' lang='lat' dir='ltr'><strong>io</strong></span> <span class='ocrx_word' id='word_1_341' title='bbox 965 4345 1173 4407; x_wconf 88' lang='lat' dir='ltr'><strong>subfodiendis</strong></span> <span class='ocrx_word' id='word_1_342' title='bbox 1205 4341 1307 4402; x_wconf 88' lang='lat' dir='ltr'><strong>muris.</strong></span> 
     </span>
    </p>

    <p class='ocr_par' dir='ltr' id='par_1_8' title="bbox 250 4452 1322 4532">
     <span class='ocr_line' id='line_1_38' title="bbox 250 4452 1322 4532; baseline -0.011 -14"><span class='ocrx_word' id='word_1_343' title='bbox 250 4460 330 4518; x_wconf 84' lang='lat' dir='ltr'><strong>Hist.</strong></span> <span class='ocrx_word' id='word_1_344' title='bbox 352 4458 408 4532; x_wconf 83' lang='lat' dir='ltr'><strong>Ill,</strong></span> <span class='ocrx_word' id='word_1_345' title='bbox 432 4461 467 4518; x_wconf 90' lang='lat'><strong>8:</strong></span> <span class='ocrx_word' id='word_1_346' title='bbox 491 4463 587 4531; x_wconf 80' lang='lat' dir='ltr'><strong>mopsi</strong></span> <span class='ocrx_word' id='word_1_347' title='bbox 606 4462 735 4518; x_wconf 79' lang='lat' dir='ltr'><strong>momenti</strong></span> <span class='ocrx_word' id='word_1_348' title='bbox 753 4463 843 4518; x_wconf 80' lang='lat' dir='ltr'><strong>losum</strong></span> <span class='ocrx_word' id='word_1_349' title='bbox 872 4461 987 4516; x_wconf 79' lang='lat' dir='ltr'><strong>sottoutt</strong></span> <span class='ocrx_word' id='word_1_350' title='bbox 1014 4455 1219 4528; x_wconf 81' lang='lat' dir='ltr'><strong>reputantibus,</strong></span> <span class='ocrx_word' id='word_1_351' title='bbox 1242 4452 1322 4509; x_wconf 86' lang='lat' dir='ltr'><strong>-itlic&#39;</strong></span> 
     </span>
    </p>
   </div>
   <div class='ocr_carea' id='block_1_6' title="bbox 0 0 1602 5270">
    <p class='ocr_par' dir='ltr' id='par_1_9' title="bbox 0 0 1602 5270">
     <span class='ocr_line' id='line_1_39' title="bbox 0 0 1602 5270; baseline 0 2"><span class='ocrx_word' id='word_1_352' title='bbox 0 0 1602 5270; x_wconf 95' lang='lat' dir='ltr'><strong> </strong></span> 
     </span>
    </p>
   </div>
  </div>
 </body>
</html>
