3188 5252
715 232 775 290 147

265 403 439 482 Proprietas
469 420 541 462 vero
572 401 709 472 dicendi,
741 420 829 480 quarn
863 399 944 479 apud
966 397 1104 456 Tacitum
1138 393 1314 452 observasse

172 509 250 570 mibi
273 511 354 570 visus
376 530 459 580 sum,
491 530 527 570 ea
549 518 604 587 est,
629 509 709 590 quod
730 528 785 588 per
806 505 982 586 particulam
1005 515 1035 560 ot
1063 519 1181 579 semper
1208 497 1315 577 plenae

170 625 291 678 tantum
315 622 483 678 sententiae
505 626 708 697 opponuntur,
730 614 868 691 singulae
890 613 1027 672 notiones
1050 611 1203 670 nonitem.
1234 605 1312 665 Con·

171 735 222 784 tra
248 746 337 806 qnam
360 726 457 803 legem
481 727 562 786 solus
593 726 666 786 facit
694 725 777 784 locus
809 721 887 783 Anu.
910 721 965 792 XI,
989 723 1029 780 37
1042 741 1048 777 :
1082 721 1170 776 ostitit
1188 719 1313 774 tribsmue

165 851 225 906 por
246 837 383 891 ameriam
406 845 446 890 ot
467 835 579 891 libertus
600 837 748 906 canopaea
767 835 861 890 matta
881 832 1059 888 nemetae
1075 828 1196 900 probris,
1217 839 1309 902 quare

169 938 303 1000 fortasse
326 948 356 1000 et
378 939 435 999 boe
457 939 523 1000 loco
545 963 579 998 oc
601 939 789 999 scribendum
813 945 867 1010 est,
890 947 924 996 nt
945 935 1056 1014 ubique
1074 933 1157 1004 alias,
1180 930 1218 991 cf.
1238 949 1309 988 aun.

168 1047 246 1120 XII,
271 1051 332 1110 20':
354 1053 491 1108 modicam
512 1053 659 1107 victoribus
680 1053 793 1106 landem
815 1067 859 1104 oc
880 1049 994 1103 multam
1014 1046 1152 1116 infamiae
1178 1043 1204 1097 ci
1223 1043 1307 1114 pella·

165 1164 274 1213 remur.
319 1152 539 1229 Argumentum
562 1151 681 1232 quidem
705 1171 744 1210 ex
767 1151 847 1208 omni
870 1156 957 1228 parte
978 1147 1094 1206 firmum
1116 1163 1178 1202 non
1200 1153 1255 1205 est.
1269 1175 1304 1188 -

167 1255 286 1321 Contra
308 1279 424 1320 summa
446 1261 554 1339 injuria
574 1259 710 1320 nonnulli
734 1259 910 1318 deleverunt
933 1268 977 1315 ut:
1010 1251 1090 1315 Anu.
1113 1252 1177 1323 XI,
1200 1255 1233 1309 4:
1260 1274 1306 1309 oo-

168 1381 270 1428 cantur
288 1381 353 1444 poet
372 1375 440 1428 lucc
458 1381 571 1444 putrer,
599 1373 743 1443 perpauco
762 1371 881 1426 Suillius
909 1370 1015 1428 addere
1042 1383 1103 1422 reos
1126 1356 1228 1436 equita
1249 1367 1306 1420 Iiu-

166 1495 267 1533 monos
287 1476 424 1548 inlustres,
460 1480 557 1550 quibos
578 1481 664 1536 Petro
686 1485 896 1550 cognomentum.
931 1483 969 1530 ot
1001 1493 1088 1530 causo
1116 1474 1190 1528 eceb
1213 1490 1245 1526 en
1265 1489 1304 1540 co,

163 1586 244 1654 quood
264 1586 375 1640 deornm
401 1603 481 1641 eamn
515 1588 663 1643 Mnesteris
684 1595 710 1642 ct
730 1587 881 1657 Poppaeae
902 1583 1086 1654 coenantes
1103 1581 1305 1653 praemiserat.

165 1687 219 1766 qui
242 1687 324 1747 loeus
347 1708 365 1745 a
387 1687 574 1768 Nipperdejo
596 1697 676 1750 recte
696 1689 865 1749 intellectus
888 1697 943 1747 eet.
968 1719 1008 1731 -
1376 1674 1380 1684 ’

253 1797 283 1854 2.
328 1800 408 1870 utqui
428 1815 487 1856 uno
509 1794 575 1856 leco
599 1798 680 1856 Anu.
703 1791 753 1868 III,
776 1798 817 1856 54
839 1815 859 1854 a
880 1794 987 1854 Tacito
1010 1799 1186 1871 usurpatur,
1220 1799 1250 1849 et
1272 1793 1301 1850 in

163 1903 309 1962 oratioue.
352 1897 403 1963 Vis
426 1912 525 1964 autem
549 1923 585 1964 ea
608 1912 662 1976 est,
684 1911 718 1963 nt
741 1905 772 1964 in
790 1901 966 1983 syllogismo
989 1901 1227 1981 propositionem
1251 1900 1302 1958 rni-

161 2027 278 2082 norem,
301 2029 392 2090 quam
415 2017 526 2071 vocant
540 2011 647 2089 logni,
669 2006 849 2092 instituat1).

251 2117 279 2175 3.
304 2116 487 2177 Particulam
510 2127 631 2177 dtamen
663 2117 781 2177 codIces
812 2117 858 2177 bis
885 2115 1046 2176 exhibent:
1078 2113 1157 2174 Anu.
1181 2107 1235 2184 XI,
1260 2113 1301 2172 24

158 2228 192 2280 et
214 2221 296 2281 Hist.
318 2217 366 2296 IV,
390 2223 446 2299 553
468 2223 601 2304 alioquin
624 2225 747 2284 Tacitus
770 2243 887 2304 semper
910 2223 981 2283 dicit
1003 2243 1037 2282 oc
1057 2215 1201 2298 romoni),
1223 2238 1300 2298 quae

155 2331 301 2408 junctura
318 2331 348 2390 iu
371 2333 543 2392 uuiversum
566 2341 671 2412 quater
702 2331 799 2391 decies
823 2331 948 2409 legitur,
979 2329 1024 2390 bia
1047 2331 1079 2388 in
1101 2329 1233 2388 historiis
1263 2323 1299 2408 (l,

160 2440 214 2498 20.
236 2438 275 2516 V,
298 2437 360 2519 16),
383 2437 441 2498 duo
464 2438 563 2500 ‹leoles
587 2441 615 2499 in
645 2439 803 2499 annalibus
840 2433 909 2520 (III,
942 2439 992 2496 29.
1013 2439 1064 2496 56.
1088 2438 1139 2496 72.
1161 2429 1216 2506 Vl,
1246 2437 1298 2494 39.

159 2541 209 2616 Vl,
234 2548 283 2607 28.
306 2546 356 2607 36.
378 2544 433 2620 XI,
457 2551 508 2608 24.
530 2549 604 2627 XII,
630 2551 680 2610 11.
703 2551 753 2608 12.
778 2548 828 2609 56.
850 2547 1008 2620 ΧΝ,“21.
1032 2546 1102 2624 55),
1142 2552 1298 2623 praetcrea

158 2661 186 2708 et
208 2649 365 2710 concubis
389 2647 479 2732 (Hiar.
503 2649 549 2727 lv,
575 2655 625 2714 76.
646 2652 727 2712 Anu.
743 2645 821 2724 XV,
845 2649 906 2731 62).
951 2650 1019 2726 Qua
1040 2650 1157 2708 r'atione
1179 2667 1297 2726 permo-

158 2767 220 2830 tus,
242 2765 277 2817 ut
297 2756 426 2831 videtur,
449 2758 588 2819 Halmius
610 2758 714 2819 incidit
738 2759 1009 2836 inconjecturam,
1033 2755 1148 2816 duobus
1172 2757 1229 2813 illis
1251 2750 1298 2815 lo-

159 2865 203 2924 cis
225 2859 347 2924 momen
366 2863 541 2926 mutandum
570 2885 637 2927 esse
659 2867 689 2925 in
723 2887 757 2924 oc
777 2877 875 2924 tamen.
930 2864 991 2925 Sed
1019 2883 1108 2945 quum
1139 2864 1296 2941 diversitas
1395 2854 1399 2863 “

160 2971 305 3053 quaedam
326 2972 551 3048 significationis
573 3011 615 3020 —
636 2981 718 3034 certe
739 2981 801 3032 tem
823 2973 924 3050 gravis
947 2982 980 3032 ut
1003 2980 1126 3031 excuset
1155 2975 1295 3031 mutatio-

159 3099 226 3139 nem
251 3115 289 3124 —
313 3080 451 3154 cognosci
475 3097 532 3138 uon
555 3079 660 3158 possit,
694 3078 749 3138 hoe
766 3079 913 3158 judicium
937 3081 1067 3138 externis
1089 3079 1294 3138 tentum-niti·

157 3193 207 3244 tur
228 3187 412 3262 argumentis
435 3194 465 3244 et
486 3185 654 3246 fallacibus.
699 3187 821 3246 MiuIme
844 3189 975 3247 omnium
992 3187 1070 3246 Anu.
1083 3181 1137 3260 XI,
1162 3189 1203 3245 24
1225 3205 1294 3266 pro-

154 3293 287 3355 baverim
297 3285 509 3368 mutationem
530 3294 961 3355 uamibiInorationeexstat:
985 3307 1120 3370 ocenum
1143 3294 1293 3353 orationes

156 3409 256 3462 aut-ern
279 3403 374 3462 multa
396 3401 548 3479 exhibent,
572 3422 649 3483 quae
672 3403 710 3462 eb
732 3405 872 3463 uniuerso
895 3404 992 3464 Taciti
1016 3423 1072 3462 usu
1085 3401 1238 3462 recedunt.
1250 3435 1293 3446 -·

240 3509 271 3591 4)
295 3512 342 3570 De
364 3531 431 3569 raro
461 3511 606 3572 vocabulo
635 3523 725 3570 aorem
751 3511 915 3592 disputavit
944 3511 1083 3572 Haaseus
1097 3506 1135 3588 3).
1192 3513 1292 3592 Atque

153 3623 183 3680 in
206 3619 349 3696 Agricola
371 3620 453 3679 nullo
476 3618 540 3680 loco
564 3627 673 3694 exstat,
698 3622 727 3681 iu
750 3620 912 3681 Germania
933 3640 998 3700 cap.
1024 3620 1062 3680 13
1087 3629 1118 3679 et
1133 3623 1198 3698 16,
1231 3641 1290 3700 qno

154 3727 249 3786 altero
272 3725 338 3787 loco
366 3737 477 3786 temere
512 3727 670 3786 aMureto
694 3736 724 3784 et
746 3724 868 3785 Halmio
896 3724 1028 3796 deletur,
1063 3745 1154 3805 quum
1187 3745 1290 3785 omues

155 3909 428 3917 mm...—

225 4031 250 4098 1)
269 4031 341 4080 Animi
360 4046 439 4080 caussa
457 4031 500 4080 hoc
518 4030 568 4080 loco
587 4027 758 4088 admonuerim,
787 4027 856 4077 etiem
875 4027 1007 4092 particulam
1027 4028 1123 4080 idcirco
1142 4031 1213 4079 semel
1234 4039 1287 4080 tan-

150 4129 199 4169 tum
218 4119 277 4183 apud
298 4119 398 4168 Taciturn
416 4119 466 4182 legi,
486 4128 509 4168 et
527 4135 579 4168 ann.
600 4119 618 4179 l,
639 4117 679 4169 12.
716 4117 792 4166 Oratio
811 4117 1004 4167 estinanter.

98 4241 107 4252 =
221 4213 249 4280 2)
267 4213 323 4262 Nam
343 4213 405 4261 locus
423 4214 481 4262 Αιιιι.
500 4213 550 4272 llll,
570 4211 618 4262 2⁰:
639 4211 677 4261 At
699 4209 830 4271 Claudius,
848 4185 1181 4277 quumqaumnobIIr'talibur
1199 4223 1288 4264 eara—
1318 4187 1320 4190 Ι

151 4309 192 4357 nir
211 4306 286 4368 mitit,
306 4305 430 4356 dubitauit
447 4315 567 4378 tumen,
587 4306 636 4355 lrrrc
655 4321 706 4354 non
723 4305 838 4371 pertinet.

223 4398 252 4464 3)
273 4399 384 4460 Philolog.
400 4397 439 4458 Ill,
460 4397 510 4447 153
534 4414 581 4462 seq.
