3188 5252
860 365 865 380 .
898 331 960 388 150

269 517 271 525 ·
353 525 414 560 carn
435 505 465 558 ia
487 507 565 575 aym
586 514 634 559 orat
655 505 780 560 domibne
801 506 888 560 tidem
910 511 1096 560 coronentur.
1115 511 1266 574 poetqncm
1286 501 1499 557 emanationes

354 614 383 664 in
398 612 524 682 familiis
552 613 681 666 tatem
703 639 744 652 -·
778 613 929 668 conluviem
955 611 1038 667 mam
1068 629 1123 667 non
1151 609 1209 665 nabi
1235 617 1307 664 meta
1334 608 1499 666 corrutone.

354 711 469 786 Quibus
492 713 630 774 omnibns
652 714 725 772 locis
747 713 887 773 affectum
909 715 1120 793 persentiscaa.
1145 747 1183 757 -
1220 717 1261 772 id
1279 735 1376 772 acro.-
1411 711 1497 770 Hist.

353 817 401 894 III,
426 825 477 882 21.
501 823 564 895 IV,
587 824 617 881 4.
650 823 729 880 Anu.
753 821 837 895 XII,
862 824 889 881 6.
912 855 956 866 -
977 835 1015 880 tc
1036 844 1120 880 vero
1151 823 1226 898 Agr.
1249 823 1307 898 45,
1344 839 1495 880 summam

351 932 442 990 animi
465 931 693 990 commotionem
716 931 1138 1008 spi1·ans;oosvcrcann.
1161 924 1211 1009 III,
1236 932 1276 988 12
1296 929 1371 1008 pon).
1394 959 1432 972 -

438 1041 466 1096 6.
489 1042 625 1096 enimuero
646 1057 827 1117 quamquam
851 1057 913 1098 non
936 1057 1019 1097 mara
1049 1036 1198 1116 particula
1219 1034 1411 1096 adversativa
1433 1044 1494 1108 est,

350 1157 450 1204 tamen
473 1165 532 1204 non
554 1147 657 1223 inepte
680 1143 822 1205 hocloco
845 1155 997 1205 tractetur.
1042 1145 1151 1205 Exstat
1174 1164 1271 1224 nequo
1292 1145 1322 1202 in
1345 1142 1495 1220 Agricola

349 1274 448 1332 neque
468 1255 498 1312 in
522 1253 669 1326 historiis,
704 1263 737 1312 at
765 1254 859 1313 semei
888 1256 918 1312 in
941 1253 1056 1327 Germ,
1091 1254 1232 1313 undecies
1254 1253 1285 1312 in
1319 1250 1493 1311 annalibus.

349 1364 452 1442 Atque
475 1361 616 1439 distingui
638 1372 765 1441 possunt
787 1373 848 1421 tres
871 1363 998 1442 species:
1021 1362 1050 1444 a)
1072 1363 1133 1421 vim
1147 1381 1227 1422 mere
1249 1359 1491 1420 confirmativam

349 1471 483 1530 ereren:
507 1471 558 1528 44.
578 1469 657 1530 run.
678 1465 700 1541 1,
725 1473 776 1528 ιτ.
800 1469 855 1543 vr,
878 1445 933 1532 41.¹
949 1470 1023 1542 ΧΠ,
1047 1472 1097 1530 e4.
1156 1465 1187 1550 a)
1209 1469 1345 1529 sentitur
1371 1467 1491 1548 aequm

348 1578 559 1638 adversativae
581 1578 819 1654 significationis:
843 1580 923 1638 Ann.
945 1578 987 1660 11,
1011 1580 1062 1642 64.
1083 1573 1139 1651 IV,
1163 1580 1214 1638 60.
1236 1576 1293 1650 VI,
1308 1579 1359 1636 31.
1382 1573 1412 1658 c)
1436 1577 1489 1636 In-

348 1688 428 1747 dicat
457 1684 605 1765 particula
640 1705 796 1746 ascensum
825 1687 983 1747 orationis:
1014 1685 1092 1746 Ann.
1115 1685 1197 1759 XII,
1232 1686 1283 1746 34.
1307 1683 1401 1758 XIV,
1436 1687 1488 1745 14.

345 1794 414 1868 XV,
438 1797 489 1853 45.
512 1794 564 1852 55.
586 1792 674 1866 XVI,
701 1796 752 1854 29.
778 1828 815 1837 -

433 1903 461 1961 7.
490 1905 589 1960 Verum
610 1901 642 1960 in
663 1900 734 1960 solis
756 1901 913 1962 annalibus
941 1923 961 1961 a
982 1903 1089 1961 Tacito
1114 1910 1290 1980 usurpatur,
1323 1910 1353 1959 et
1376 1901 1488 1978 viginti

343 2011 438 2070 tribus
460 2007 520 2069 iilic
542 2005 658 2088 locis¹).
702 2009 819 2070 Tamen
842 2031 940 2090 neque
962 2011 1138 2087 significatio
1167 2010 1290 2090 propria
1318 2021 1349 2069 et
1370 2009 1487 2082 nativa,

343 2137 440 2198 neque
460 2123 559 2175 certus
582 2115 704 2195 quidam
728 2135 798 2174 usus
821 2118 962 2192 cognosci
983 2127 1093 2195 potest.
1144 2117 1222 2177 Nam
1245 2137 1324 2177 nunc
1344 2117 1486 2196 proxime

342 2225 382 2284 ad
403 2230 454 2282 acet
475 2224 597 2295 accedit,
619 2240 700 2281 nunc
721 2233 751 2280 nt
773 2223 884 2297 tangit,
918 2243 998 2282 nunc
1019 2225 1118 2300 vergit
1147 2224 1187 2284 ad
1211 2227 1367 2304 notionem
1387 2225 1484 2302 parti-

341 2333 426 2392 culae
446 2344 570 2404 ccterum,
593 2329 753 2409 multisque
766 2329 837 2388 locis
855 2330 984 2390 dubitari
999 2333 1112 2412 nequit,
1135 2335 1207 2413 qnin
1221 2333 1357 2392 variandi
1373 2351 1484 2391 caussa

342 2427 472 2521 positum
495 2442 541 2498 sit.
585 2438 791 2498 Praecedente
814 2441 982 2516 negatione,
1004 2443 1046 2500 ita
1068 2452 1100 2501 ut
1121 2443 1189 2501 loco
1211 2443 1319 2520 prioris
1331 2442 1482 2500 enuntiati

341 2548 469 2606 alterum
491 2544 697 2636 substituatur,
720 2546 869 2605 invenitur
893 2548 972 2606 Ann.
985 2544 1008 2623 I,
1031 2551 1090 2609 58:
1109 2571 1195 2624 neque
1216 2551 1412 2623 odiopctrioc,
1434 2570 1480 2607 oe-

338 2678 400 2712 runt
420 2657 489 2728 qnia
509 2656 644 2711 Romane
666 2655 866 2726 (iumentoque
885 2658 959 2713 wem
981 2663 1131 2716 coadunare
1152 2669 1178 2715 et
1194 2677 1296 2731 pacem
1317 2677 1402 2730 quom
1422 2659 1479 2714 bel

337 2768 395 2822 lum
412 2766 576 2836 probabam.
598 2759 656 2831 III,
680 2762 730 2819 16.
751 2760 804 2834 IV,
828 2764 878 2821 71.
900 2761 964 2837 XI,
988 2767 1039 2824 27.
1062 2763 1159 2836 XIII,
1184 2768 1212 2823 1.
1234 2763 1327 2836 XIV,
1350 2764 1400 2822 35.
1424 2764 1476 2823 59.

339 2871 393 2939 VI,
418 2872 476 2929 28:
499 2849 552 2927 alii
566 2876 664 2942 sotum
685 2873 796 2942 onwan
817 2876 1063 2944 concremaretur
1080 2884 1191 2948 patant,
1213 2877 1263 2930 ced
1282 2894 1338 2931 non
1359 2891 1374 2929 c
1395 2875 1478 2944 oncri
1588 2866 1590 2955 J

336 2979 437 3046 stellio,
473 2995 567 3031 enum
598 2978 677 3046 amad
700 2977 846 3048 principia
876 2987 901 3033 ct
922 2997 1005 3035 necno
1027 2981 1199 3035 umcrclricm
1219 2997 1382 3051 caurorum,
1413 2997 1476 3056 qno
1587 3006 1588 3025 r

337 3100 395 3140 uno
420 3077 584 3155 eodemque
607 3077 673 3136 loco
695 3079 857 3156 particulas
878 3087 929 3138 ced
950 3100 986 3139 ac
1007 3103 1100 3140 enan
1121 3081 1353 3159 comprehensas
1368 3079 1475 3142 habes.
1586 3073 1587 3095 ¹

336 3190 505 3247 Fortiorem
535 3196 633 3245 autem
666 3206 740 3247 esse·
759 3209 852 3246 cer-cm
884 3192 1040 3269 magisque
1062 3189 1309 3266 adseverantem,
1347 3209 1386 3247 na
1411 3191 1476 3250 ullo
1584 3209 1585 3236 t

334 3297 454 3378 quidem
477 3304 558 3355 certo
581 3304 756 3370 argumento
779 3297 967 3376 comprobari
989 3308 1098 3377 potest.
1120 3300 1310 3356 acarnaniam
1324 3305 1394 3375 post
1418 3319 1475 3357 non

332 3411 413 3464 inodo
434 3424 453 3462 a
474 3403 581 3462 Tacito
606 3421 665 3460 non
690 3401 807 3463 dicitur.
833 3436 874 3448 -·
923 3404 1040 3465 Deinde
1067 3425 1133 3464 cum
1162 3405 1193 3463 vi
1219 3413 1376 3463 coercente
1398 3404 1472 3480 logi-

332 3531 414 3570 mus:
438 3506 514 3569 Ann.
537 3508 563 3579 I,
588 3512 646 3567 10:
674 3529 775 3582 pacem
802 3515 861 3569 cine
882 3515 966 3569 dabie
990 3524 1056 3584 post
1077 3515 1160 3584 baec,
1197 3533 1292 3570 ceram
1320 3523 1471 3570 maumam

332 3610 381 3689 III,
405 3616 463 3686 55,
500 3633 559 3692 quo
594 3615 713 3692 quidem
744 3614 809 3672 ioco
838 3615 1015 3691 significatio
1047 3634 1107 3674 non
1127 3614 1218 3694 plane
1240 3624 1326 3694 patet
1346 3623 1472 3694 propter

330 3721 549 3798 corruptionem
572 3721 745 3778 sententiae.
768 3717 824 3792 IV,
846 3720 898 3778 55.
920 3718 975 3793 VI,
999 3721 1049 3779 21.
1072 3720 1145 3793 XII,
1169 3723 1220 3779 20.
1242 3721 1294 3779 65.
1314 3714 1397 3793 XIV,
1416 3722 1469 3794 56,

329 3830 380 3888 ubi
403 3827 593 3906 praetulerim
621 3826 732 3884 Haasci
755 3827 1034 3904 transpositionem,
1067 3847 1138 3888 nam
1159 3828 1185 3886 ai
1214 3847 1281 3886 cum
1304 3827 1467 3905 Spengelio

328 3938 470 4016 facimus,
508 3936 552 3993 vis
583 3935 749 4013 particulae
778 3934 988 3995 adversativae
1016 3956 1075 3996 non
1105 3937 1185 3994 clare
1215 3935 1401 4011 intelligitur.
1425 3971 1466 3979 -

327 4047 405 4104 Tum
428 4043 567 4103 transitui
589 4042 730 4118 inservit,
765 4044 842 4100 sicut
864 4053 902 4115 at,
940 4048 1089 4120 quatenus
1118 4060 1230 4100 novum
1253 4041 1405 4120 quoddam
1428 4043 1465 4101 iis

325 4171 403 4230 quae
426 4152 568 4210 hacteuus
594 4149 674 4208 dicta
697 4149 764 4220 sint,
788 4148 923 4227 opponit.
947 4145 998 4217 IV,
1022 4150 1063 4206 50
1086 4145 1164 4230 (init.
1186 4145 1286 4230 cap.):
1330 4133 1466 4208 Vcrrernc

324 4262 439 4315 (tacitae
460 4261 545 4316 Dinia
568 4291 607 4300 -
627 4260 760 4330 ponendo
783 4277 871 4328 urina,
893 4278 976 4312 coum
1002 4258 1123 4328 adflictio
1143 4259 1176 4312 id
1197 4261 1346 4316 remedium
1376 4261 1464 4316 dnae·

396 4471 425 4539 1)
443 4473 500 4522 Nam
518 4475 577 4523 Anu.
597 4473 645 4532 lili,
665 4471 699 4521 58
719 4487 731 4520 a
750 4473 903 4522 deterioribus
922 4474 1007 4538 aliquot
1026 4475 1143 4525 codicibus
1162 4477 1219 4528 solis
1236 4476 1363 4527 abebctnr.
