3188 5252
915 343 977 402 130

377 519 485 587 tatem,
519 532 596 592 quae
619 512 764 593 imprimis
786 512 856 574 iude
877 516 1010 576 nascitur
1031 514 1112 596 quod
1133 515 1296 596 particulae
1321 515 1509 595 disjunctivae
1551 523 1553 530 “

376 618 449 677 scite
470 617 633 678 adhibendi
657 628 727 678 ante
748 620 858 679 multos
881 621 996 699 peritur
1020 629 1075 681 est.

462 723 542 783 Usus
561 722 697 804 quidem,
728 724 766 784 de
789 744 849 805 qno
881 725 970 784 modo
994 725 1072 797 dixi,
1111 726 1199 785 nimis
1227 726 1369 806 frequens
1397 727 1512 787 minime

376 834 423 885 est
444 827 533 888 credo
556 849 593 887 ne
618 830 760 889 obscurus
783 829 867 889 fieret
901 850 996 890 nexus
1028 833 1257 893 sententiarum.
1318 830 1432 891 Contra
1453 851 1511 890 aas·

374 937 497 1015 pissime
519 934 687 997 adnectitur
711 940 898 998 enuntiatum
921 939 1072 1020 quoddam
1097 960 1259 1020 peraeque
1281 937 1393 1021 (rariue
1414 937 1474 1022 aec)
1489 942 1511 999 ei

375 1045 529 1124 praecedit
551 1047 609 1105 alie
630 1048 754 1126 quaevis
778 1049 910 1126 negatio,
933 1048 963 1108 id
987 1049 1067 1130 quod
1089 1050 1225 1129 plurimis
1249 1051 1398 1129 exemplis
1428 1069 1511 1128 supra

375 1154 645 1232 comprobavimus.
690 1155 846 1216 Indicatur
871 1165 971 1216 antem
995 1159 1046 1230 ita,
1070 1157 1306 1239 unumquodque
1329 1159 1509 1220 enuntiatum

373 1263 526 1341 propriam
550 1282 669 1324 servare
692 1265 879 1346 gravitatem,
903 1285 957 1324 nee
981 1265 1186 1345 infrequenter
1208 1285 1353 1326 ascensus
1377 1267 1509 1326 orationis

377 1369 481 1426 sentiri
501 1379 602 1448 potest
625 1370 791 1448 posteriore
815 1370 860 1430 vel
884 1371 992 1431 ultimo
1016 1371 1150 1431 membro
1174 1368 1389 1452 (affirmativet
1412 1367 1508 1452 mom).

376 1475 583 1557 Quamquam,
617 1487 651 1537 ut
672 1486 923 1550 consentaneum,
952 1481 1048 1537 etiam
1071 1500 1105 1537 ae
1127 1515 1167 1523 -—
1191 1483 1302 1553 quietem
1328 1481 1361 1538 in
1383 1479 1440 1538 hoc
1461 1497 1510 1536 usu

375 1593 430 1658 eet,
452 1597 486 1644 ut
510 1586 611 1646 Germ.
636 1589 695 1646 37:
716 1609 771 1646 aere
792 1590 906 1646 Samnis
927 1609 981 1646 core
999 1592 1087 1647 Poeni
1113 1610 1168 1647 coa
1189 1567 1350 1663 Hispaniae
1373 1591 1509 1648 Gallioeoe

374 1710 408 1747 ae
428 1693 530 1748 Partiri
551 1696 661 1766 quidem
682 1695 794 1766 saepiae
816 1697 983 1751 admonuere
1005 1689 1176 1768 velHiel.l‚
1201 1697 1229 1767 9,
1254 1694 1338 1757 Anu.
1351 1689 1386 1767 ll,
1410 1695 1460 1754 80.
1473 1725 1506 1736 -—

375 1796 472 1874 Atque
504 1797 704 1858 adnectuntur
738 1801 769 1858 in
797 1800 876 1859 hunc
907 1798 1026 1859 modum
1057 1807 1087 1858 et
1116 1802 1286 1868 sententiae
1317 1811 1349 1860 et
1383 1797 1507 1878 singulas

373 1907 523 1966 notiones.
569 1905 667 1980 Quum
691 1918 790 1968 autem
815 1906 928 1968 voculis
949 1929 998 1966 nec
1019 1941 1061 1952 -
1083 1929 1132 1966 oec
1154 1908 1353 1983 significetur,
1386 1907 1444 1967 duo
1465 1905 1507 1965 vel

372 2017 461 2094 plura
490 2017 613 2092 cogitari
644 2017 793 2091 membra,
824 2037 901 2097 quae
931 2017 1085 2076 notionem
1117 2016 1278 2096 quandam¹
1297 2017 1506 2095 generaliorem

371 2143 494 2202 prorsus
516 2126 669 2204 impleant,
692 2128 735 2184 ita
757 2135 790 2184 ut
812 2127 864 2184 illa
886 2127 916 2184 in
938 2131 1041 2203 partes
1064 2143 1133 2183 auae
1157 2126 1241 2204 quasi
1264 2124 1430 2197 dividatur,
1453 2142 1508 2181 om·

373 2235 482 2313 niaque
506 2233 706 2292 excludentur
728 2253 805 2313 quae
829 2243 955 2292 externa
978 2239 1064 2306 sunt,
1098 2232 1146 2291 hic
1168 2233 1374 2312 adjunguntur
1397 2239 1505 2291 tantum

372 2337 506 2396 membre
530 2340 682 2398 orationis.
737 2338 878 2400 Ceterum
912 2339 1021 2400 dicitur
1044 2340 1205 2419 aliquando
1228 2361 1246 2399 a
1268 2341 1376 2400 Tacito
1398 2361 1450 2398 coc
1471 2369 1505 2382 -

371 2468 458 2522 aeque
478 2451 560 2522 (aec),
583 2450 673 2508 etiam
697 2452 721 2508 si
746 2451 928 2528 cogitatione
949 2471 1187 2523 aeque—aeque
1204 2449 1385 2528 postuletur.
1422 2447 1505 2505 Nam·
1579 2505 1580 2520 ζ

372 2576 430 2635 que
453 2555 555 2616 Germ.
580 2560 636 2617 22:
660 2579 725 2632 poor
745 2580 801 2617 coc
821 2569 914 2616 aetate
937 2577 986 2615 nec
1008 2560 1129 2630 callida,
1152 2557 1245 2616 astuti
1268 2566 1354 2631 eunt,
1378 2562 1410 2613 ut
1431 2558 1504 2611 recte

371 2667 528 2725 adnotavit
550 2668 703 2727 Kritaius:
738 2677 846 2727 natura
875 2666 914 2726 ad
940 2667 1088 2726 fallaciam
1111 2662 1198 2740 facti,
1230 2665 1283 2724 sed
1307 2665 1428 2726 callidi:
1455 2678 1504 2718 usu

371 2772 410 2830 ad
433 2772 631 2852 diripiendum
656 2777 822 2834 exercitati.
867 2775 959 2854 Atqui
983 2778 1102 2834 tertium
1126 2775 1251 2850 cogitari
1275 2775 1397 2855 nequit,
1433 2767 1505 2828 unde
1578 2759 1579 2851 l

373 2889 499 2960 apparet
520 2884 654 2961 potuisse
677 2904 793 2944 summo
811 2886 882 2961 juro
895 2883 1035 2943 Tacitum
1048 2883 1104 2942 hoe
1120 2884 1185 2942 loco
1209 2903 1321 2961 ponere
1343 2896 1502 2942 reec-oea

372 2988 432 3048 Sed
456 2989 555 3051 denuo
578 2994 771 3071 respiciamus
794 3011 916 3052 necasse
940 3000 1054 3066 cetea,
1077 3012 1155 3072 quas
1171 2992 1398 3072 exponebamus
1421 3004 1503 3069 quum
1577 3045 1578 3094 q

372 3098 409 3158 de
431 3118 499 3159 raro
518 3103 679 3179 juncturae
701 3115 727 3161 et
750 3135 791 3148 -
813 3115 838 3161 et
860 3121 915 3161 neu
939 3101 1093 3179 agebatur.
1146 3102 1283 3161 Praefert
1304 3102 1384 3161 enim
1408 3097 1504 3174 adjun-

370 3217 594 3285 gustantum,
634 3231 724 3292 quarn
753 3211 790 3270 ad
820 3211 1034 3290 perfectionem
1050 3209 1216 3290 ‘quandam
1249 3218 1280 3286 et
1308 3210 1503 3288 integritatem

370 3318 478 3377 seriem
503 3321 658 3378 notionum
681 3318 877 3380 conformare,
931 3315 1035 3398 Atque
1068 3337 1156 3398 quam
1180 3320 1355 3377 vocavimus
1378 3311 1503 3395 pluribus

370 3427 445 3486 locis
469 3433 683 3508 proprietatem
707 3448 829 3507 prorsus
853 3429 1032 3502 l'acitinam,
1068 3426 1148 3506 qnod
1172 3447 1276 3486 omnes
1300 3417 1439 3504 periodos
1460 3417 1502 3478 vel

370 3556 448 3616 quae
471 3536 600 3615 periodis
623 3538 729 3597 similia
754 3547 832 3611 sunt,
857 3537 955 3618 quoad
979 3538 1044 3596 fieri
1066 3544 1183 3614 potest,
1219 3537 1326 3608 evitat,
1363 3531 1502 3594 caeliam

369 3647 401 3705 in
424 3647 477 3706 has
500 3649 625 3726 pusillas
648 3667 696 3707 res
721 3647 884 3707 descendit.
923 3620 962 3690 ss..
1007 3641 1088 3706 ldem
1113 3645 1177 3704 fere
1209 3645 1266 3704 dici
1294 3651 1396 3723 potest
1417 3637 1501 3701 omni·

369 3755 424 3813 bus
447 3756 483 3814 iie
506 3757 588 3830 locis,
612 3758 668 3816 ubi·
687 3757 762 3816 duae
784 3775 832 3815 ree
856 3756 1024 3814 contrariae
1047 3755 1089 3812 ita
1112 3764 1342 3832 componuntur.
1367 3753 1436 3831 Agr.
1451 3746 1501 3805 19³
1574 3807 1575 3828 q

369 3887 424 3924 aaa
445 3869 546 3924 etrcdic'c
563 3871 687 3941 porratae
717 3888 766 3925 aec
787 3887 819 3925 ec
841 3868 1075 3925 commendatione
1107 3876 1156 3922 aar
1176 3868 1303 3938 precidere
1329 3863 1501 3922 centurionem

370 3977 502 4032 militesve
525 3977 620 4032 accire.
666 3972 725 4032 Sed
750 3972 780 4032 id
805 3973 975 4051 exemplum
991 3974 1107 4051 copiam
1130 3971 1202 4029 facit
1225 3968 1263 4028 ad
1287 3961 1499 4049 explanandum
1573 4040 1574 4073 1

369 4081 618 4159 disjunctivarum
642 4083 855 4162 particularum
878 4101 964 4141 usum
988 4079 1173 4140 transeundi.
1198 4111 1239 4123 -

454 4191 556 4252 Habet
579 4192 626 4250 hic
649 4211 720 4250 usus
742 4192 893 4269 singulare
917 4191 958 4265 id,
981 4189 1063 4270 quod
1086 4188 1207 4266 negatio
1225 4187 1350 4246 discedit
1374 4167 1500 4244 a'norio-
1572 4227 1573 4317 q

367 4300 454 4358 nibus
478 4301 527 4360 vel
549 4303 705 4360 sententiis
729 4301 767 4361 ed
793 4320 867 4382 quas
890 4301 1031 4380 pertinet,
1056 4307 1174 4358 etcum
1197 4297 1334 4377 pondere
1355 4315 1388 4355 ac
1409 4284 1499 4366 gravi·

367 4414 429 4465 tate
453 4417 522 4467 ante
546 4428 596 4466 eas
620 4407 721 4469 eedem
745 4411 826 4486 capit
850 4410 947 4467 itaut
971 4411 1029 4468 vim
1054 4427 1137 4466 arram
1161 4426 1214 4484 per
1233 4425 1335 4464 omnes
1360 4396 1498 4483 quodcun·

367 4535 425 4595 que
448 4525 517 4576 sunt
538 4518 603 4595 pari
629 4516 715 4576 modo
742 4518 896 4578 extendat.
940 4517 1064 4596 Singula
1096 4523 1195 4575 autern
1219 4513 1352 4574 membra
1378 4526 1434 4570 nna
1455 4497 1497 4561 vel
