3188 5252
880 271 943 334 114

349 453 385 506 ut
405 439 460 504 sibi
483 439 699 524 responderent
722 442 881 504 vocabula:
917 458 943 506 ct
963 479 1006 489 --
1028 464 1122 518 osona
1145 443 1264 502 inverso
1287 437 1409 524 quidem
1431 439 1482 504 ills

349 552 467 625 ordine,
501 552 532 611 id
566 553 636 614 rnihi
667 550 823 632 probabile
852 570 910 611 non
934 551 1053 612 videtur
1087 551 1213 630 primum
1245 569 1335 630 quum
1358 549 1481 609 Tacitus

289 679 293 689 ‘
343 663 502 742 juncturis,
524 661 627 741 quales
651 667 736 720 sunt:
759 681 844 736 usqne
865 681 914 736 ac,
932 663 1044 738 paritor
1065 681 1099 718 oo
1120 659 1169 719 vel
1189 671 1214 718 ct
1236 665 1481 736 sempertantum

346 772 376 830 in
399 770 522 848 singulis
546 769 714 830 notionibus
726 788 807 828 usus
829 769 874 843 sit,
899 789 997 850 neque
1019 770 1144 828 veroin
1166 767 1338 840 sententiis,
1372 765 1482 826 deiude
1587 811 1588 816 ι

346 873 428 956 quod
450 871 584 934 inaudita
603 881 650 934 cst
671 873 801 933 inversio
824 873 876 931 illa
898 881 1042 955 quantum
1065 893 1120 952 ego
1145 871 1267 952 quidem
1289 872 1366 944 scio,
1399 869 1482 930 deui-

271 1055 274 1062 ¹
347 998 405 1060 que
427 981 496 1060 qnia
519 979 678 1058 conjuncta
700 976 792 1036 verba
827 989 908 1053 atqua
938 986 968 1037 et
988 979 1039 1037 atto
1065 978 1150 1036 nimis
1179 977 1331 1054 ingenium
1368 975 1481 1034 Taciti·

347 1104 416 1144 num
440 1083 576 1142 redolent
586 1079 616 1165 ¹).
659 1083 819 1143 Heinsius:
854 1095 937 1141 anna
958 1104 1043 1160 acque
1064 1087 1143 1158 epod
1163 1086 1251 1140 hodes
1266 1087 1352 1156 samo
1377 1113 1412 1124 -··
1440 1092 1483 1139 at-

346 1213 397 1268 quc
418 1194 468 1252 illo
490 1183 612 1265 aspecta,
629 1241 631 1246 .
647 1210 707 1271 qua
729 1188 849 1270 quidem
873 1192 1036 1250 mutatione
1059 1190 1184 1250 efficitur
1206 1197 1240 1248 ut
1262 1189 1361 1247 omnia
1383 1182 1481 1249 solute

345 1297 504 1376 profluant.
562 1296 701 1376 Denique
730 1295 868 1355 Baiterus
890 1294 1069 1374 Nipperdcji
1097 1302 1127 1354 et
1149 1293 1261 1354 Halmii
1293 1294 1481 1372 conjecturas

346 1405 574 1488 conglutinavit.
600 1439 637 1448 -

432 1511 582 1593 Equidem
606 1531 664 1574 uon
688 1510 806 1583 dubito,
840 1511 911 1590 quin
943 1509 999 1569 hoc
1023 1510 1088 1568 loco
1110 1510 1241 1569 inversio
1264 1511 1481 1569 sententiarum

345 1619 536 1698 agnoscenda
558 1622 613 1696 sit,
635 1633 660 1679 ot
683 1619 794 1680 dictum
819 1619 1034 1697 significatione
1056 1623 1153 1690 otiam
1177 1628 1267 1698 atque
1290 1619 1421 1698 pertinet
1443 1617 1480 1677 ad

346 1729 546 1789 enuntiatum:
579 1741 661 1803 atquc
682 1732 731 1787 illo
754 1739 867 1804 superne
889 1731 996 1786 andita.
1056 1727 1124 1786 Hoc
1146 1727 1224 1786 cuim
1247 1727 1392 1806 imprimis
1415 1727 1481 1786 acui

344 1833 463 1894 volebat
485 1834 621 1913 scriptor,
645 1840 797 1912 tamquam
820 1832 986 1892 mirandum
1002 1831 1163 1911 quoddam,
1186 1851 1276 1912 quum
1291 1830 1375 1905 illud,
1399 1831 1479 1911 quod

344 1941 445 2000 hostes
468 1940 577 2001 famam
602 1960 674 2000 suae
703 1941 847 2001 victoriae
877 1938 1028 2018 augebant
1057 1960 1115 2000 non
1144 1947 1225 2000 essct
1254 1939 1375 2016 dignum
1399 1938 1477 2019 qnod

345 2046 549 2108 admiraretur.
605 2049 661 2107 Est
681 2046 772 2124 igitur
802 2045 939 2122 gradatio
962 2049 1099 2126 aprime
1122 2047 1254 2108 membro
1274 2046 1313 2106 ad
1336 2045 1478 2122 alterum3

344 2165 434 2228 atqua
456 2163 489 2212 ut
510 2153 684 2231 saepissime
707 2153 876 2230 invenitur,
897 2153 995 2213 valet:
1027 2151 1087 2211 und
1110 2150 1242 2231 sodann,
1265 2152 1353 2211 simul
1376 2152 1406 2210 vi
1429 2150 1477 2211 ds-

345 2263 540 2320 moustrativa
562 2259 592 2319 id
616 2261 802 2318 enuntiatum
826 2257 966 2333 adnectit,
988 2279 1047 2342 quo
1069 2259 1206 2338 gradatio
1229 2259 1364 2319 efficitur.
1389 2293 1428 2303 -

429 2367 606 2429 Addiderim
629 2367 719 2427 alium
743 2368 861 2442 locum,
897 2389 1003 2449 quern,
1037 2369 1118 2428 nullo
1141 2370 1198 2428 nisi
1219 2368 1271 2428 tali
1294 2368 1383 2428 modo
1406 2368 1478 2427 satis

290 2502 295 2520 ‚
344 2474 487 2553 explicari
508 2493 598 2553 possc
620 2482 733 2552 putem,
757 2472 921 2533 sedetiam
943 2477 1039 2553 magis
1061 2476 1168 2534 mirum
1191 2475 1284 2533 illum.
1333 2473 1478 2553 Reputes,

343 2583 458 2658 amabo,
482 2603 558 2664 qnae
579 2585 771 2643 inveniuntur
794 2602 860 2643 ann.
885 2578 907 2657 l,
931 2587 988 2644 70:
1007 2596 1205 2660 pernumerare
1224 2587 1283 2642 aina
1309 2586 1477 2660 utensilibus,

342 2698 401 2752 sina
422 2697 487 2767 ipsi,
524 2714 626 2767 mayoc
643 2696 716 2766 pons
736 2697 812 2750 nudo
834 2703 882 2750 ant
902 2696 1022 2752 mulcato
1044 2715 1180 2768 corpore,
1215 2697 1293 2750 baad
1319 2695 1409 2750 minus
1430 2695 1479 2749 mi-

343 2803 482 2873 serabiles,
504 2820 588 2874 qaam
609 2821 676 2874 quos
697 2799 781 2858 boetia
803 2802 904 2856 circam
925 2803 1015 2856 sida:
1046 2801 1148 2872 quippe
1177 2801 1236 2856 illic
1260 2801 1371 2857 ctiam
1400 2803 1479 2858 itone

342 2921 403 2967 stae
423 2912 518 2967 mortis
538 2930 611 2984 asne,
636 2911 679 2965 bis
699 2910 846 2982 duplarium
868 2910 985 2965 enititur.
1043 2905 1122 2966 Puto
1150 2926 1393 2987 unumquemque
1429 2907 1480 2986 qui

343 3010 575 3094 attentelegat,
610 3017 640 3074 in
664 3012 712 3076 his
735 3015 835 3075 verbis
859 3015 1039 3075 offensurum
1062 3033 1136 3076 esse.
1194 3015 1309 3075 Tamen
1338 3014 1479 3088 editores,

344 3144 418 3205 quos
441 3121 563 3204 quidem
588 3142 643 3201 ego
665 3123 794 3202 inspexi,
816 3130 916 3182 tacent
939 3141 1050 3182 omnes.
1092 3122 1277 3181 Trieautem
1293 3129 1362 3181 sunt
1383 3122 1480 3200 expli·

343 3239 413 3289 catu
434 3226 533 3305 digna.
577 3227 711 3286 Primum
735 3225 814 3307 quod
837 3231 920 3285 otium
942 3225 981 3285 ad
1004 3245 1040 3286 ea
1062 3243 1140 3305 quae
1155 3232 1319 3305 sequuntur
1340 3225 1480 3312 pertinet·

343 3334 470 3410 Deinde,
493 3331 573 3413 quod
596 3331 729 3392 membra
750 3334 901 3392 contraria
922 3339 1008 3404 suut,
1039 3330 1081 3390 ita
1103 3338 1136 3389 ut
1158 3333 1240 3388 attam
1261 3349 1320 3390 non
1343 3338 1481 3409 spectare
1587 3329 1588 3332 ’

343 3445 439 3523 possit
461 3442 518 3501 nisi
542 3439 753 3500 eductionem
776 3438 923 3500 moriendi
945 3437 1060 3499 duobus
1084 3458 1278 3513 communem,
1314 3438 1394 3518 quod
1418 3439 1481 3498 elu·
1587 3465 1588 3482 ι

343 3550 423 3610 cebit
444 3553 469 3609 si
490 3549 698 3609 inverterimns
721 3546 808 3607 sedes
833 3547 1030 3608 membrorum
1053 3549 1082 3606 in
1106 3547 1185 3607 hunc
1207 3545 1344 3606 modum:
1367 3549 1481 3628 qnippe
1587 3553 1588 3602 ὲ

343 3657 389 3716 his
411 3656 569 3734 inglorium
592 3657 732 3726 exitium,
766 3655 827 3714 illie
857 3659 946 3716 etiam
976 3655 1119 3714 honestae
1149 3656 1253 3714 mortis
1276 3673 1363 3729 usus,
1389 3665 1427 3734 ¹et
1448 3658 1481 3715 in
1587 3647 1588 3664 ¹

343 3766 595 3844 comparationem
619 3765 824 3822 vocaverimus
846 3784 938 3824 unum
962 3785 999 3824 ex
1021 3765 1094 3824 locis
1118 3783 1208 3842 supra
1231 3763 1373 3824 collectis.
1417 3764 1479 3826 Dc·
1587 3747 1588 3762 .

343 3875 446 3956 nique,
470 3871 549 3954 quod
571 3871 652 3932 haud
673 3873 794 3932 levioris
818 3874 960 3934 momenti
983 3884 1044 3947 est,
1080 3874 1205 3932 Tacitus
1233 3872 1331 3934 verbis
1364 3877 1481 3949 coappe-

343 3987 461 4057 ccs‘tinm,
484 3981 622 4040 nimirum
646 4000 723 4060 quae
746 3991 938 4061 apponuntur
960 3981 1175 4060 comprobandi
1197 3999 1311 4062 caussa,
1336 4002 1410 4041 non
1432 4002 1480 4057 ea,

343 4109 420 4170 qnae
442 4109 513 4148 vere
536 4087 731 4167 comprobent
749 4090 867 4168 priora,
902 4087 956 4148 sed
977 4089 1125 4171 loquitur,
1155 4098 1307 4169 tamquam
1329 4089 1481 4164 legeretur

342 4194 431 4252 iniis
453 4211 529 4273 quae
551 4191 750 4271 praecedunt:
787 4193 916 4270 magis
939 4192 1140 4266 miserabiles,
1174 4212 1263 4272 quam
1285 4211 1360 4273 quos
1384 4192 1480 4253 hostis

415 4409 729 4478 namucno
