3196 5270
687 304 726 371 5'7

200 517 201 522 =
225 481 306 542 Hirr.
339 482 383 565 Il,
413 485 474 542 69:
504 487 688 556 flammatibar
719 487 833 542 uneiliie
861 495 968 542 tontum
1000 488 1174 559 impunitate
1201 497 1283 561 utque

85 583 88 592 ’
136 595 323 664 odroqontioe
343 594 504 664 tepimroriis
526 595 687 661 acearine,·
708 590 737 650 b.
760 611 787 652 o.
810 591 1023 670 adrogantiae,
1057 611 1135 671 quae
1168 613 1282 672 poenas

136 717 197 755 non
221 697 326 760 lueret.
380 703 383 709 '

223 804 304 865 Hist.
325 805 388 878 Ill,
413 807 448 865 7:
480 809 643 864 desiderare
671 809 722 864 diu
747 828 792 865 rea
822 811 1047 882 interpretatione
1080 813 1225 883 adoriaque
1252 814 1282 866 in

138 916 231 984 majera
261 916 407 987 accipiter.
461 911 531 969 Nou
560 920 700 970 aeonrate
737 912 869 974 Orellins
899 933 1018 974 sensum
1046 913 1169 974 subesse
1201 914 1280 974 vult:

136 1017 384 1095 interpretatione
408 1017 550 1095 gloriosa.
595 1015 653 1074 Est
674 1016 815 1094 gloriatio
838 1021 918 1094 (nam
941 1019 984 1076 sie
1004 1017 1178 1096 accipienda
1191 1023 1284 1093 plone

137 1123 194 1182 boo
216 1121 310 1204 loco),
332 1143 410 1204 quae
432 1121 589 1182 constabat
611 1129 643 1180 et
664 1121 833 1201 apparebat
854 1126 1103 1202 interpretatione
1127 1123 1215 1203 hujus
1229 1129 1282 1184 roi.

140 1229 230 1306 Quod
262 1249 443 1311 quamquam
470 1248 549 1289 nuuc
577 1248 683 1309 parurn
711 1229 829 1303 differt,
860 1239 960 1290 tamen
983 1231 1168 1292 enuntiatum
1191 1251 1230 1292 ex
1253 1233 1284 1292 vi

136 1357 192 1396 sna
214 1341 308 1418 atque
328 1337 545 1417 compositione
569 1333 792 1414 expediendum
809 1345 866 1396 est.
910 1336 1054 1398 Similiter
1068 1338 1182 1397 errauit
1196 1337 1282 1400 Orel-

137 1446 194 1504 lius
214 1446 294 1508 Ann.
318 1445 359 1518 ΙΙ,
384 1448 438 1506 32:
463 1466 579 1520 numum
601 1447 780 1503 auctoritates
802 1448 1030 1520 odrdotioneaeae
1050 1449 1161 1519 rettuli,
1183 1457 1214 1504 ut
1231 1451 1282 1506 roi-

136 1565 214 1612 retnr
235 1565 310 1611 oenc
331 1555 364 1610 id
384 1556 415 1611 in
435 1556 579 1628 republica
600 1555 724 1624 malurn,
747 1570 838 1630 quum
862 1552 1096 1630 interpretetur:
1119 1555 1281 1613 sententias

136 1659 310 1718 adulatione
332 1660 453 1738 plenas,
478 1677 514 1718 ac
536 1677 574 1718 ne
597 1656 728 1745 Rectius
748 1657 869 1736 quidem
890 1665 987 1718 reeta:
1011 1659 1204 1718 auctoritates
1219 1659 1281 1719 loe·

136 1765 190 1826 das
212 1766 385 1826 adulatione
407 1764 455 1847 (de
476 1784 584 1845 synon.
607 1783 678 1844 pag.
692 1761 755 1846 25].
807 1763 886 1825 Sunt
907 1783 924 1823 e
945 1767 1112 1825 contrario:
1136 1765 1282 1827 adulatio·

137 1893 191 1934 nes
213 1894 292 1955 quae
314 1876 345 1932 in
367 1871 596 1933 mretoritatibua
619 1870 843 1950 comparebant.
897 1871 975 1931 Nam
1008 1877 1185 1932 αάιιῑαιίωιω
1213 1880 1283 1932 sunt

119 1996 212 2042 ,aena
232 1987 266 2041 id
285 1987 404 2057 molam,
427 2002 485 2045 non
509 1984 687 2042 auctoritates
700 1975 734 2058 ¹).
1180 1977 1186 1988 '

224 2091 305 2150 Hist.
328 2091 384 2165 lv,
408 2093 465 2150 69:
487 2093 720 2166 septuennem
741 2109 874 2163 memque
886 2091 1041 2148 reverentie
1055 2095 1172 2165 fideque,
1190 2094 1282 2164 iunio·

135 2222 180 2258 rea
196 2202 323 2273 periculo
345 2220 379 2256 oc
400 2210 473 2258 meu
492 2201 631 2258 amnuit.
676 2195 766 2272 Quod
782 2197 934 2274 posterius
947 2196 1112 2257 membrum
1132 2198 1281 2278 accipien-

137 2305 209 2364 dum
231 2315 279 2366 est
301 2315 468 2385 tamquam:
486 2305 625 2384 juniores
648 2314 730 2363 metu
750 2303 877 2382 periculi
899 2304 1065 2379 continuit,
1088 2303 1160 2364 inde
1181 2313 1281 2365 tumen

137 2431 198 2470 non
220 2413 428 2492 consequitur,
452 2412 543 2471 etiarn
569 2408 732 2469 vocabula:
764 2409 937 2469 reverentia
965 2410 1085 2491 fideque
1115 2411 1168 2470 tali
1201 2431 1281 2470 nexu

137 2517 308 2578 cohaerere.
353 2517 483 2578 Videtur
504 2525 610 2575 contra
632 2516 761 2595 scriptor
783 2517 812 2574 in
836 2515 968 2575 secundo
996 2517 1130 2577 membro
1144 2517 1281 2596 posuisse

138 2626 214 2685 duas
236 2626 392 2706 notiones,
414 2633 447 2684 ut
468 2625 499 2684 id
522 2623 615 2703 priori
637 2621 822 2700 respondeus
846 2620 968 2680 faceret.

224 2733 285 2794 Sed
307 2735 398 2813 plane
421 2734 509 2793 aliter
530 2739 722 2811 comparatus
743 2741 790 2792 est
812 2731 894 2790 locus
916 2729 997 2790 Hist.
1019 2729 1060 2803 lI,
1084 2730 1142 2789 49:
1167 2733 1283 2804 quidam

139 2847 256 2902 miiitum
274 2847 358 2915 jueta
380 2855 476 2915 roqurn
499 2845 661 2915 interfecere
682 2861 725 2913 ee,
753 2862 808 2898 non
835 2860 908 2898 nono
928 2857 1015 2912 neone
1035 2843 1069 2897 ob
1090 2849 1201 2911 mam,
1232 2841 1283 2897 aed

138 2955 320 3010 mentone
341 2954 450 3010 mair
470 2961 495 3008 et
517 2954 636 3008 carnote
653 2953 812 3024 principie,
843 2965 934 3028 quam
962 2956 1044 3006 recte
1066 2945 1200 3026 explicat
1219 2946 1281 3005 Ru·

136 3060 264 3138 pertiue:
297 3077 357 3117 non
380 3055 461 3138 quod
485 3075 583 3116 noxae
607 3053 759 3115 admissae
781 3057 814 3114 in
836 3055 987 3116 Othonem
1009 3052 1064 3113 sibi
1088 3061 1190 3114 essent
1211 3073 1282 3113 con·

137 3168 204 3240 acii,
227 3187 325 3247 neque
348 3165 387 3225 ob
409 3174 523 3225 metum
545 3183 563 3223 a
586 3165 711 3224 victore.

224 3273 305 3332 Hiet.
329 3271 383 3344 IV,
406 3275 465 3332 81:
489 3277 564 3332 olion
584 3295 696 3331 monum
718 3291 799 3344 oeqer
820 3303 863 3312 -
884 3281 915 3327 ut
936 3275 1007 3344 pede
1029 3290 1063 3327 oe
1084 3271 1197 3342 serneio
1214 3271 1281 3326 Cae·

136 3386 211 3440 soris
240 3385 397 3440 coherere·
424 3384 532 3438 orobot
562 3413 604 3423 -
638 3377 718 3437 Hist.
742 3377 780 3457 V,
805 3379 840 3435 6:
876 3389 954 3435 terro
980 3383 1121 3450 finesque,
1151 3396 1208 3449 qna
1241 3380 1282 3433 od

137 3493 275 3547 Orientem
296 3500 423 3561 vernent,
454 3489 564 3544 Arabio
585 3488 774 3544 terminantur.
824 3481 893 3540 Hoc
924 3482 989 3541 loco
1020 3479 1090 3562 (nee
1122 3500 1183 3540 non
1214 3480 1279 3539 aliis

136 3592 328 3676 quibusdam)
363 3591 521 3654 collocutio
550 3592 705 3651 notionum
732 3591 828 3650 minus
855 3586 989 3667 pendere
1016 3587 1139 3648 videtur
1167 3606 1185 3646 e
1207 3585 1281 3647 sede

136 3701 319 3780 praedicati,
353 3720 443 3780 quam
474 3697 544 3758 inde
574 3695 771 3777 explicanda,
802 3694 884 3776 quod
912 3693 1096 3774 praeoedere
1127 3694 1280 3753 notionem

135 3808 308 3886 generalem
332 3808 435 3886 titique
458 3813 693 3865 cousentaneum
716 3812 772 3862 cst.
795 3837 836 3848 -

224 3926 303 3984 Ama
328 3923 354 3995 l,
376 3925 416 3982 8:
434 3927 582 3996 plerosque
603 3925 706 3979 incisor
726 3922 794 3992 etti,
827 3924 877 3977 soci
897 3922 1043 3992 jactantia
1074 3920 1218 3990 adoriaque
1239 3917 1281 3972 ud

132 4047 265 4109 posteros.
310 4030 417 4092 Paullo
440 4027 527 4090 aliter
550 4030 598 4089 hic
620 4027 764 4090 sumenda
787 4047 848 4086 vox
870 4031 980 4101 pierio,
1000 4045 1089 4105 quam
1112 4023 1278 4084 rectissime

212 4280 236 4346 l)
256 4281 326 4329 Aliter
342 4279 492 4344 Nipperdejus
511 4280 613 4344 explicat.
650 4280 696 4330 Sed
720 4279 797 4343 posuit
820 4278 870 4328 sine
891 4276 960 4327 dnbio
979 4275 1068 4326 Tacitus
1087 4287 1163 4323 rarum
1183 4274 1278 4321 terbum

136 4371 289 4429 arroteritae,
311 4371 416 4435 quonium
436 4370 478 4419 alia
495 4385 552 4435 quae
572 4372 644 4422 simile
663 4371 794 4434 signitlcant
812 4371 887 4420 omnia
904 4373 951 4433 iam
974 4369 1043 4420 iniis
1063 4385 1119 4434 quae
1138 4369 1278 4433 praecedunt

136 4464 272 4513 exhauserat
290 4462 403 4527 (censere,
422 4464 547 4526 sententie,
565 4463 706 4533 decrevere),
733 4480 774 4514 nee
791 4471 897 4528 repetere
917 4462 993 4512 voluit.
