3196 5270
895 307 936 368 40

349 477 438 536 certis
461 475 641 556 quibusdam
664 475 763 536 verbis
787 494 904 554 semper
926 496 960 536 se
982 478 1146 556 conjungit,
1169 477 1222 536 sed
1240 477 1363 556 ponitur
1379 497 1414 534 ac
1433 494 1502 554 pro·

348 584 479 657 miscuo,
502 584 527 641 si
551 580 669 662 quidem
699 581 851 642 codicibus
881 581 957 642 fides
987 583 1127 643 habenda
1159 591 1216 643 est.
1270 583 1378 643 Unum
1400 601 1501 640 exem·

348 689 432 767 plum
455 689 592 748 attulisse
615 689 688 748 satis
710 688 818 750 habeo.
874 688 955 751 Anu.
985 689 1010 763 1,
1034 691 1067 762 53
1101 690 1145 762 ΙΙ,
1178 692 1218 750 38
1249 690 1400 765 legimus:
1435 694 1503 748 boec

349 809 431 870 otqrus
452 800 541 868 colim
562 803 682 854 contra:
715 795 792 854 haec
821 813 857 854 ac
886 796 976 855 talia:
1007 796 1087 856 Hist.
1109 793 1135 874 I,
1161 799 1221 872 163
1249 797 1302 877 111,
1328 799 1360 856 3.
1391 829 1433 840 -
1468 817 1503 852 oc

349 908 420 960 ante
442 918 546 960 omnes
568 900 685 959 litteras
709 909 907 960 consonantes
930 902 1033 962 sedem
1056 902 1168 963 babere
1190 911 1308 982 potest3
1333 921 1430 981 saepe
1448 919 1501 960 ex·

349 1010 410 1064 stat
432 1011 504 1062 ante
525 1004 687 1079 vocabula,
713 1026 791 1085 quae
814 1026 832 1066 a
853 1007 955 1068 littera
976 1021 987 1068 t
1008 1011 1171 1088 incipiunt,
1202 1011 1273 1089 quia
1294 1022 1321 1068 ct
1345 1009 1500 1085 ingratum

349 1129 455 1168 sonum
479 1109 607 1171 efficeret
622 1107 659 1190 1).
705 1111 858 1193 Sequente
879 1113 980 1174 littera
1002 1137 1017 1174 c
1038 1116 1165 1192 legimus
1189 1138 1223 1174 uc
1243 1114 1326 1175 Ann.
1349 1115 1428 1188 XII,
1443 1117 1484 1174 47
1495 1136 1501 1170 :

234 1230 241 1240 ·
350 1237 384 1274 oo
404 1223 542 1292 cornpedc,
565 1225 709 1297 sequente
731 1241 749 1292 9
770 1219 840 1292 XII,
865 1221 922 1278 64:
951 1242 985 1279 uc
1007 1226 1100 1281 &ruci
1119 1217 1155 1304 ²).
1210 1222 1366 1296 Litteraj
1388 1221 1502 1280 vocalis

349 1324 410 1382 vim
433 1343 493 1384 non
516 1323 627 1386 babet:
649 1325 730 1384 Hist.
753 1327 792 1407 V,
814 1329 850 1385 2:
872 1331 1065 1402 Hierosolymo
1088 1351 1122 1388 uc
1142 1334 1264 1388 Juduca.
1288 1362 1331 1376 -

438 1435 467 1490 l.
513 1431 733 1492 commentatio
758 1432 796 1493 de
820 1434 852 1492 vi
869 1435 1035 1514 particulae
1059 1449 1142 1510 utque
1170 1437 1286 1496 initium
1318 1435 1435 1515 repetit
1464 1432 1502 1493 ab

351 1559 387 1598 ea
409 1539 644 1616 significatione,
667 1560 758 1620 quam
780 1542 941 1617 genuinam
966 1562 1033 1602 esso
1055 1544 1156 1622 aliquo
1175 1546 1246 1621 jure
1270 1543 1374 1603 dicore
1397 1560 1501 1622 possu-

351 1666 430 1721 mus,
467 1667 533 1706 eam
556 1647 694 1724 intelligo
731 1647 813 1727 quod
844 1647 968 1710 fortiore
1002 1649 1092 1710 modo
1124 1651 1291 1722 membrum
1325 1651 1501 1730 appositum

353 1755 434 1814 acuit
456 1763 546 1834 atque
570 1755 698 1814 extollit.
742 1755 817 1815 ludo
840 1755 982 1816 facillime
1013 1757 1224 1834 gradationem
1256 1759 1341 1818 nasci
1373 1758 1429 1817 vix
1457 1762 1502 1816 est

351 1861 432 1943 quod
462 1882 727 1923 commemoremus
746 1858 787 1946 ³);
824 1863 942 1939 dignior
970 1866 1034 1942 jorn
1065 1884 1144 1944 quae
1172 1866 1343 1925 nominetur
1374 1872 1423 1924 est
1458 1863 1502 1922 vis

352 1967 645 2049 demonstrativa),
681 1972 724 2030 ita
753 1980 788 2030 ut
809 1971 954 2049 adjungat
977 1974 1088 2051 pariter
1111 1982 1142 2033 ot
1164 1981 1280 2051 spectet
1301 1972 1340 2032 ad
1365 1989 1502 2050 eaquae

351 2083 525 2156 sequuntur.
570 2076 660 2138 Unde
683 2079 863 2156 explicatur,
886 2086 1022 2138 curtam
1048 2079 1221 2158 frequenter
1244 2077 1419 2137 inveniatur
1434 2084 1503 2135 ante

350 2183 529 2261 pronomina
566 2183 811 2244 demonstrativa.
865 2183 945 2244 Ann.
974 2184 1013 2258 H,
1048 2185 1104 2243 67:
1138 2196 1220 2257 utque
1250 2187 1326 2258 uilio,
1363 2183 1422 2257 ΠΙ,
1448 2185 1502 2242 16:

352 2300 434 2362 utque
454 2293 514 2348 illo.
559 2290 617 2349 53:
641 2301 723 2364 utque
747 2295 815 2364 run,
846 2289 1025 2369 videturque
1054 2288 1103 2347 bic
1133 2307 1205 2348 usus
1235 2308 1274 2348 ex
1306 2297 1397 2368 parte
1431 2307 1501 2369 qua·
1595 2305 1596 2318 ¹

353 2397 421 2456 dam
445 2397 521 2456 tueri
544 2397 641 2456 locum
664 2398 749 2456 vario
771 2397 862 2457 modo
881 2405 1024 2457 vexatum
1042 2441 1049 2471 ,
1081 2396 1119 2456 de
1141 2415 1201 2476 qno
1223 2397 1293 2457 vido
1316 2398 1347 2456 in
1370 2390 1502 2477 etiom⁵)·

353 2500 415 2561 Sed
448 2503 555 2561 mirum
585 2510 643 2576 cst,
673 2502 755 2582 quod
776 2503 927 2563 rarissime
956 2512 1028 2563 cum
1052 2503 1230 2582 pronomine
1252 2505 1294 2575 ia,
1324 2523 1376 2575 eu,
1404 2504 1439 2558 id
1471 2515 1503 2556 se

352 2608 524 2686 conjungit,
554 2627 615 2687 qua
637 2609 703 2668 vioe
727 2608 905 2688 plerumque
927 2607 1013 2686 fungi
1035 2608 1212 2689 particulam
1235 2629 1287 2682 que
1308 2625 1403 2687 supra
1423 2604 1501 2664 vidi-

353 2731 427 2773 mus.
472 2710 554 2771 Ann.
576 2712 665 2786 XIV,
690 2716 748 2773 10:
772 2726 854 2789 utque
876 2735 943 2773 eum.

438 2819 482 2878 Ut
503 2819 689 2879 notissimum
711 2826 759 2877 est
778 2819 914 2898 pergitur
934 2818 965 2876 in
988 2817 1123 2876 oratione
1144 2834 1199 2896 per
1221 2828 1303 2891 atquc
1325 2815 1366 2876 ad
1390 2832 1503 2875 novum.

353 3111 427 3170 atquc
445 3101 551 3152 achio
568 3101 593 3150 in
612 3107 741 3152 contextum
759 3100 846 3151 illatum
865 3101 920 3162 est).
956 3101 1033 3151 Germ.
1052 3098 1095 3150 39.
1114 3098 1157 3150 39.
1176 3100 1220 3151 45.
1248 3099 1306 3151 llist.
1324 3099 1350 3162 V,
1374 3099 1416 3154 12.
1444 3099 1503 3149 lun.

356 3193 375 3255 Ι,
395 3192 419 3242 5.
440 3190 464 3242 9.
485 3191 528 3242 39.
545 3191 572 3252 ΙΙ,
593 3189 635 3251 38,
654 3191 698 3242 40.
718 3191 760 3240 51.
780 3190 822 3241 52.
841 3190 884 3240 64.
903 3192 943 3251 ΙΙΙ,
964 3190 1006 3251 13,
1019 3188 1062 3240 29.
1082 3189 1113 3240 31
1134 3186 1196 3258 (bis).
1216 3189 1258 3241 69.
1277 3190 1320 3242 62.
1340 3191 1384 3242 73.
1405 3191 1447 3242 16.
1466 3189 1501 3248 ΙΙ,

356 3285 398 3336 10.
416 3286 453 3347 Vl,
473 3284 521 3337 11.-
535 3283 577 3334 12.
596 3283 638 3334 55.
656 3284 716 3344 lllll,
736 3283 780 3336 31.
825 3285 851 3333 ln
870 3284 960 3334 ultimis
983 3284 1100 3334 annalium
1123 3284 1187 3333 libris
1212 3284 1297 3348 aliquot
1320 3284 1415 3348 insunt,
1444 3297 1501 3348 quos

354 3393 401 3428 non
419 3378 540 3438 adnotari,
570 3375 622 3441 quia
647 3391 730 3440 prosus
756 3377 836 3427 codem
861 3378 931 3427 modo
958 3393 983 3428 sc
1004 3379 1102 3438 hubent,
1130 3393 1157 3426 ac
1181 3377 1260 3440 plures
1286 3392 1366 3428 eorum
1395 3376 1436 3454 qui
1460 3376 1501 3427 ad-

356 3472 433 3536 scripti
453 3477 515 3522 sunt.
575 3491 578 3495 ·

431 3563 456 3629 l)
475 3561 592 3612 Invenitur
609 3567 686 3610 tamen
704 3559 763 3611 lun.
782 3559 821 3622 ΙΙΙ,
839 3559 889 3611 22:
914 3564 940 3612 et
960 3563 1021 3612 tune
1048 3561 1107 3610 bun.
1122 3560 1168 3621 xv,
1188 3559 1231 3621 62,
1261 3560 1319 3612 llist.
1344 3561 1382 3623 ΙΙΙ,
1407 3560 1454 3611 76:
1480 3568 1502 3611 et

356 3663 455 3714 tumen,
473 3650 596 3714 paucisque
615 3649 664 3700 aliis
683 3648 747 3699 louis.
1596 3644 1597 3647 ’

427 3739 455 3802 2)
475 3739 542 3802 Nipp.
561 3738 590 3788 ad
608 3738 666 3786 Anu.
685 3737 704 3798 1,
725 3736 749 3787 8.
795 3737 827 3786 lix
857 3737 906 3788 eliis
931 3738 1080 3803 scriptoribus
1105 3737 1218 3800 congessit
1243 3737 1346 3801 exempla
1364 3732 1501 3793 blandiunt

356 3829 407 3880 457
428 3843 476 3893 seq.

429 3919 457 3980 3)
477 3917 625 3982 conjungitur
653 3917 682 3966 dc
701 3932 728 3966 eu
748 3931 829 3966 caussa
853 3930 905 3966 cum
930 3915 1006 3966 etium
1031 3922 1053 3965 et
1077 3915 1144 3983 ipsc,
1170 3922 1196 3964 ut
1220 3921 1298 3965 notum
1321 3921 1364 3965 ost.
1390 3915 1444 3976 lgr.
1469 3908 1500 3960 o:

357 4017 431 4074 utque
453 4008 537 4075 ipsum
560 4007 638 4058 etium
664 4006 806 4056 tribunatus
831 4020 938 4056 annum.
983 4002 1030 4056 1³:
1059 4021 1092 4055 uc
1116 4003 1193 4070 lorsqu
1225 4003 1314 4054 obliuio
1341 3999 1500 4054 Brittanniae

357 4097 433 4148 etium
450 4095 479 4146 ia
495 4111 571 4163 poce.
600 4096 678 4145 Germ.
690 4095 739 4145 45:
758 4094 824 4144 iuter
838 4093 906 4143 ouda
924 4099 998 4160 utque
1015 4093 1044 4144 io
1061 4093 1116 4161 ipro
1134 4091 1215 4144 littore
1233 4091 1326 4162 icquar.
1344 4093 1401 4142 Anu.
1413 4085 1500 4151 11,39:

357 4197 432 4254 utque
449 4187 503 4254 ipre
521 4187 595 4237 odire
613 4187 755 4255 municipio
774 4186 879 4237 obscuro
900 4184 958 4235 diei.

430 4275 457 4342 4)
477 4277 535 4326 ltoro
554 4279 580 4327 et
598 4277 667 4326 talem
685 4277 730 4326 vim
749 4275 866 4338 continct;
885 4289 965 4325 rorum
984 4274 1029 4323 huc
1047 4272 1164 4322 vocandus
1183 4280 1218 4322 ost
1235 4272 1298 4322 lucus
1326 4271 1386 4324 llist.
1403 4271 1431 4330 ll,
1451 4264 1498 4316 68:

358 4365 503 4418 conraduris
521 4366 693 4431 ecquaenam
712 4365 784 4416 ducis
802 4364 849 4416 rui.

431 4453 622 4522 &mmm
