3188 5252
663 336 725 396 119

114 527 268 589 nunqnam
291 515 389 568 autem
413 530 498 586 nequo
518 531 604 569 moro.
627 530 676 568 osc
696 505 777 589 quod
800 507 863 568 vice
885 507 1049 588 particulae
1074 531 1129 570 noa
1150 508 1250 585 lungi-

113 622 173 688 tur,
196 616 297 696 paullo
318 616 441 678 fortiore
462 625 562 677 tamen
582 618 620 689 vi,
643 613 893 698 quemadmodum
916 615 1048 676 formulis
1070 615 1250 697 quibusdam

114 723 281 798 exhibetur,
303 725 406 804 quales
429 731 512 784 snut:
548 730 622 800 quod
652 745 700 782 ccc
728 734 816 782 vertor
838 728 901 782 lenc
931 720 1032 804 (Verg.
1056 723 1109 783 ecl.
1132 723 1194 797 IX,
1219 723 1249 800 6)

114 832 165 892 vel
186 837 353 908 necopinus
388 829 488 912 (Ovid.
511 840 581 891 met.
603 827 627 905 1,
651 829 722 910 224]
755 829 831 890 aliae
843 827 878 910 1),
917 830 997 912 apud
1024 832 1161 892 Tacitum
1190 852 1271 918 noua

113 941 226 1014 inveni,
250 940 306 1000 uisi
328 941 518 1018 injunctura
539 961 587 999 osc
609 945 689 1009 olum5
713 957 773 1018 qua
795 937 906 1017 duplici
927 938 1016 997 modo
1039 940 1140 1001 utitur.
1184 940 1247 999 Pri·

114 1067 196 1107 mum
220 1046 463 1124 significationem
486 1045 611 1125 praebet
632 1043 770 1103 vocabuli
792 1041 942 1125 cooduffl]
965 1047 1016 1124 ita,
1048 1059 1082 1106 nt
1102 1048 1246 1132 maJ'orem

113 1156 175 1214 vim
199 1153 326 1214 habeat:
350 1154 429 1214 Hist.
451 1149 487 1234 ll,
515 1155 571 1213 18:
595 1163 697 1212 costum
718 1163 778 1210 crat
799 1155 974 1228 Spurinnae,
1012 1159 1127 1213 necdum
1145 1160 1248 1215 neuim
1364 1211 1367 1224 ,

115 1266 270 1335 Caeninum,
293 1271 383 1342 atque
404 1261 594 1339 conjungitur
617 1259 707 1317 otiam
730 1277 797 1316 cum
820 1271 845 1317 et
866 1257 1027 1318 admodum
1048 1261 1138 1319 mire:
1168 1259 1248 1322 Hist.

114 1366 139 1441 1,
163 1372 218 1429 31;
248 1374 274 1428 si
294 1373 428 1447 incipiens
449 1373 540 1427 adhuc
562 1379 587 1426 st
608 1373 724 1426 necdum
746 1370 847 1424 adulto
866 1371 965 1426 seditio
986 1373 1142 1428 melioribus
1162 1375 1248 1428 consi·

114 1483 160 1538 liis
175 1473 373 1556 necessust).
418 1475 537 1538 Deinde
559 1495 631 1535 vero
652 1475 790 1553 copulam
813 1475 901 1533 simul
923 1476 1141 1556 complectitur,
1164 1477 1247 1537 nimi·

114 1607 179 1646 rum
203 1588 287 1665 cujus
310 1589 355 1646 vis
379 1606 413 1646 ac
436 1593 543 1646 natura
570 1584 627 1644 hac
648 1585 678 1644 iu
695 1586 837 1662 junctura
866 1584 934 1661 pari
956 1583 1046 1644 modo
1067 1587 1181 1658 variat,
1214 1607 1249 1645 sc

116 1699 147 1756 in
168 1696 297 1775 simplici
318 1717 373 1756 neo.
397 1731 441 1740 --
463 1694 543 1755 Anu.
567 1693 637 1770 XII,
663 1693 702 1753 5:
723 1698 838 1751 ascolum
859 1697 996 1753 celebrasse
1016 1699 1159 1754 sollemnia
1179 1718 1248 1770 cup-

118 1805 217 1860 tiaram
239 1807 379 1862 audebant
401 1803 470 1882 XV,
493 1803 529 1861 8:
564 1806 664 1876 spretis
685 1805 822 1875 omnihus,
845 1807 959 1860 necdum
980 1805 1049 1860 satis
1064 1806 1187 1875 firmatis
1207 1806 1248 1860 61-

117 1914 278 1970 tenaculis.
324 1908 398 1989 (lap.
421 1910 477 1970 4οι
500 1913 615 1968 necdum
632 1912 741 1982 positos
762 1920 854 1967 mctsss.
913 1908 982 1968 Uno
1005 1907 1071 1968 loco
1094 1908 1184 1968 etiam
1206 1907 1248 1966 le·

116 2020 212 2096 gitur:
248 2025 415 2094 capreolum
448 2019 482 2076 is
503 2025 549 2077 est
573 2017 652 2079 Anu.
675 2012 725 2090 lV,
750 2019 805 2077 62:
837 2024 989 2093 nequedum
1018 2029 1153 2092 comperto
1181 2038 1248 2091 qnos

114 2129 166 2186 illu
186 2130 229 2185 oia
246 2130 415 2201 perculisset,
437 2129 521 2184 latior
542 2145 574 2183 cn
595 2128 696 2184 incerto
717 2135 810 2184 metus.
835 2155 877 2167 --

202 2233 264 2294 Sed
286 2235 317 2292 in
339 2231 511 2314 parenthesi
533 2251 652 2312 semper
674 2231 782 2292 dicitur
803 2227 1027 2312 nequeenim),
1062 2231 1142 2311 quod
1165 2229 1247 2310 apud

114 2343 254 2402 Tacitum
276 2341 356 2402 hisee
378 2341 450 2400 loeis
475 2339 593 2400 obviam
616 2347 680 2400 est:
702 2339 783 2403 Anu.
806 2340 851 2411 V,
874 2340 908 2398 4:
932 2337 988 2411 Vl,
1013 2341 1062 2398 22.
1083 2337 1172 2416 ΧῌΙ,
1196 2339 1247 2399 64.

114 2450 194 2510 Hist.
219 2444 241 2522 l,
266 2451 317 2508 79.
340 2449 392 2510 83.
415 2448 465 2508 85.
489 2441 524 2520 ll,
549 2447 579 2506 2.
602 2449 652 2507 27.
674 2440 726 2520 lV,
751 2449 801 2508 77.
824 2439 895 2523 Agr.
914 2445 962 2505 16.
996 2439 1148 2505 iuvenitur
1163 2463 1248 2524 prae·

113 2565 197 2617 terea
219 2557 354 2632 usquein
377 2553 567 2634 parenthesi:
589 2553 668 2615 Anu.
691 2547 742 2625 lv,
766 2555 796 2613 3.
816 2551 885 2626 XV,
909 2552 959 2622 51,
983 2552 1076 2611 semel
1096 2574 1145 2610 nco
1167 2552 1247 2614 Hist.

114 2660 150 2739 11,
175 2667 226 2726 12.
249 2695 291 2709 -·
315 2664 433 2724 Deinde
456 2664 577 2743 ponitur
599 2662 718 2740 saepius
740 2682 826 2734 osque
847 2661 872 2718 si
895 2681 949 2719 nou
965 2659 1019 2719 'vel
1042 2659 1102 2719 alia
1123 2663 1248 2740 quaevis

113 2770 236 2847 negatio
260 2768 418 2844 antecedit,
442 2767 523 2850 qnod
545 2770 636 2828 etiam
658 2787 677 2827 a
698 2769 833 2845 Vergilio
856 2765 966 2826 factum
989 2785 1057 2826 esse
1078 2765 1247 2846 Wagnerus'

116 2872 310 2933 demonstrat.
332 2871 380 2934 of.
402 2867 477 2934 Anu.
499 2867 521 2933 l:
545 2876 575 2936 9.
598 2867 648 2946 Vl,
672 2875 723 2933 31.
745 2866 814 2946 xl,
834 2873 884 2930 22.
905 2865 997 2945 Xlll,
1022 2871 1072 2930 15.
1108 2871 1188 2932 Hist.
1211 2868 1247 2950 ll,

117 2981 168 3039 47.
190 2983 240 3044 49.
263 2975 312 3052 ΙΙΙ,
336 2983 388 3042 20.
410 2980 460 3040 53.
485 2983 535 3043 72,
561 2983 610 3040 76.
633 2974 695 3066 lV,
711 2982 761 3039 19.
776 2981 827 3038 23.
839 2980 892 3038 42.
905 2979 959 3042 49.
981 2978 1020 3037 al.
1042 3001 1091 3038 ccc
1112 2980 1247 3040 invenies

117 3083 215 3147 Germ.
239 3090 290 3147 22.
313 3083 425 3159 Hist.1‚
449 3089 499 3148 38.
522 3087 573 3148 43.
597 3082 633 3162 ΙΙ,
660 3090 710 3148 12.
732 3087 769 3166 V,
780 3089 831 3146 23.
853 3082 934 3148 Anu.
946 3080 969 3158 l,
992 3089 1043 3147 31.
1064 3083 1146 3161 Xlll,
1169 3091 1247 3149 4.-

113 3195 208 3255 Multo
232 3195 362 3256 crebrius
383 3203 429 3254 est
447 3217 533 3271 acque
553 3207 644 3255 tamea
662 3215 757 3277 quam
778 3205 947 3266 certamen,
969 3214 1005 3255 ao
1018 3188 1044 3254 si
1065 3199 1131 3276 quis
1152 3205 1247 3276 putat,

113 3306 197 3364 initio
227 3305 333 3382 capitis
363 3321 483 3382 semper
514 3303 563 3363 vel
597 3303 772 3383 plerumque
801 3303 872 3381 poni
904 3323 953 3361 osc
982 3311 1134 3381 oportere,
1173 3305 1248 3366 haec

114 3409 255 3488 exempla
277 3419 380 3467 contra
403 3407 544 3469 doceant:
568 3407 648 3470 Anu.
669 3403 691 3488 l,
715 3408 766 3468 57.
789 3401 824 3479 ll,
847 3407 899 3466 46.
921 3401 971 3480 111,
995 3407 1055 3482 32,
1088 3427 1177 3488 quam
1200 3430 1248 3470 co·

113 3518 195 3595 piam
217 3514 306 3575 facile
330 3533 442 3592 augore
464 3532 594 3596 possem.
650 3513 780 3576 Omnino
811 3512 900 3573 credo
934 3513 1012 3572 ultra
1043 3521 1248 3594 exspectatum

115 3643 192 3697 esse,
216 3624 241 3682 si
264 3623 377 3700 aperio,
400 3623 430 3680 in
452 3622 608 3682 annalibus
631 3621 721 3702 longe
744 3621 863 3701 saepius
887 3621 946 3697 legi
967 3641 1067 3696 oeque,
1104 3622 1134 3680 in
1156 3623 1247 3683 histo-

113 3733 166 3790 riis
186 3737 217 3790 et
240 3729 359 3808 scriptis
383 3727 545 3788 minoribns
567 3751 627 3801 ccc,
660 3708 751 3809 quum
782 3729 968 3789 econtrario
997 3747 1060 3787 rem
1083 3747 1115 3788 se
1138 3729 1248 3810 habere

188 3939 215 4000 1)
235 3939 318 3988 l’octss
337 3937 441 3986 liberiore
459 3933 528 3984 modo
546 3933 589 3983 hsc
618 3933 725 3998 particulo
748 3941 841 3986 utuntur
866 3937 933 3988 etism
958 3939 982 3987 in
1006 3937 1248 3994 subornationes.

116 4033 196 4096 ngu.
215 4037 312 4095 quaestt.
331 4030 396 4092 Vcrg.
415 4043 465 4092 pag.
485 4025 544 4076 532.
564 4026 637 4076 Hand.
657 4026 692 4088 lv,
712 4026 745 4078 96
764 4043 829 4092 seqq.

186 4124 214 4186 2)
233 4122 280 4174 Sed
296 4121 409 4172 invenitur
424 4122 491 4171 etiem
508 4120 584 4184 ipsum
601 4119 713 4170 nondam
730 4121 806 4172 multis
825 4123 880 4174 locis
899 4124 927 4173 cl.
945 4124 1003 4196 166,
1020 4124 1059 4185 17,
1078 4122 1120 4174 64.

188 4215 219 4285 3)
238 4217 295 4267 Pliu.
313 4231 393 4279 paneg.
414 4215 462 4266 14.-
480 4212 627 4264 et'necdam
646 4214 794 4280 imperator,
813 4217 921 4267 necdum
941 4218 981 4267 dei
999 4217 1067 4283 filias
1086 4233 1152 4267 eras.
1171 4215 1249 4266 Orelli.

186 4307 217 4376 4)
235 4310 258 4360 ls
275 4323 332 4358 usus
351 4307 416 4357 latins
434 4308 533 4372 petuisse
552 4307 647 4357 ridetur.
684 4305 768 4358 clos.
786 4314 841 4359 met.
859 4307 916 4371 llll,
935 4308 987 4360 25:
1007 4309 1043 4361 Ar
1063 4307 1139 4361 Circe
1156 4307 1250 4377 (neque

118 4405 184 4455 enlm
201 4403 310 4468 floramls
329 4400 402 4450 hahet
419 4401 502 4470 aptius
528 4400 582 4451 ulla
603 4399 703 4450 Talibus
730 4398 875 4470 inpensum).
906 4425 938 4440 ·-
971 4403 1043 4456 Talin
1068 4403 1144 4454 cerba
1161 4404 1249 4466 refert.

120 4496 197 4548 fland.
213 4496 249 4557 ll,
271 4493 330 4547 115.
