<?xml version="1.0" encoding="UTF-8"?>
<!DOCTYPE html PUBLIC "-//W3C//DTD XHTML 1.0 Transitional//EN"
    "http://www.w3.org/TR/xhtml1/DTD/xhtml1-transitional.dtd">
<html xmlns="http://www.w3.org/1999/xhtml" xml:lang="en" lang="en">
 <head>
  <title>
</title>
<meta http-equiv="Content-Type" content="text/html;charset=utf-8" />
  <meta name='ocr-system' content='tesseract 3.04.00' />
  <meta name='ocr-capabilities' content='ocr_page ocr_carea ocr_par ocr_line ocrx_word'/>
</head>
<body>
  <div class='ocr_page' id='page_1' title='image "./detacitiincompo00spitgoog_0071.png"; bbox 0 0 3196 5270; ppageno 0'>
   <div class='ocr_carea' id='block_1_1' title="bbox 844 305 885 363">
    <p class='ocr_par' dir='ltr' id='par_1_1' title="bbox 844 305 885 363">
     <span class='ocr_line' id='line_1_1' title="bbox 844 305 885 363; baseline 0.024 -1"><span class='ocrx_word' id='word_1_1' title='bbox 844 305 885 363; x_wconf 87' lang='grc'><strong>60</strong></span> 
     </span>
    </p>
   </div>
   <div class='ocr_carea' id='block_1_2' title="bbox 263 460 1526 4079">
    <p class='ocr_par' dir='ltr' id='par_1_2' title="bbox 263 460 1526 3108">
     <span class='ocr_line' id='line_1_2' title="bbox 293 460 1444 555; baseline 0.002 -22"><span class='ocrx_word' id='word_1_2' title='bbox 293 479 414 534; x_wconf 66' lang='lat' dir='ltr'><strong>colones</strong></span> <span class='ocrx_word' id='word_1_3' title='bbox 436 479 577 534; x_wconf 77' lang='lat' dir='ltr'><strong>nutabant.</strong></span> <span class='ocrx_word' id='word_1_4' title='bbox 623 473 705 537; x_wconf 87' lang='lat' dir='ltr'><strong>Anu.</strong></span> <span class='ocrx_word' id='word_1_5' title='bbox 726 471 819 550; x_wconf 82' lang='lat' dir='ltr'>XIII,</span> <span class='ocrx_word' id='word_1_6' title='bbox 845 460 904 536; x_wconf 63' lang='lat'><strong>19&#39;:</strong></span> <span class='ocrx_word' id='word_1_7' title='bbox 936 497 970 534; x_wconf 83' lang='lat' dir='ltr'><strong>uc</strong></span> <span class='ocrx_word' id='word_1_8' title='bbox 993 479 1097 555; x_wconf 41' lang='lat' dir='ltr'><strong>‚opelius</strong></span> <span class='ocrx_word' id='word_1_9' title='bbox 1128 489 1154 534; x_wconf 92' lang='lat' dir='ltr'><strong>et</strong></span> <span class='ocrx_word' id='word_1_10' title='bbox 1181 479 1298 535; x_wconf 80' lang='lat' dir='ltr'><strong>orbitate</strong></span> <span class='ocrx_word' id='word_1_11' title='bbox 1324 479 1444 535; x_wconf 68' lang='lat' dir='ltr'><strong>&amp;lutrae</strong></span> 
     </span>
     <span class='ocr_line' id='line_1_3' title="bbox 292 577 1444 666; baseline 0.001 -24"><span class='ocrx_word' id='word_1_12' title='bbox 292 585 410 642; x_wconf 80' lang='lat' dir='ltr'><strong>moritus</strong></span> <span class='ocrx_word' id='word_1_13' title='bbox 420 593 578 657; x_wconf 71' lang='lat' dir='ltr'><strong>peterem,-</strong></span> <span class='ocrx_word' id='word_1_14' title='bbox 599 577 748 642; x_wconf 77' lang='lat' dir='ltr'><strong>Orelliusc</strong></span> <span class='ocrx_word' id='word_1_15' title='bbox 771 579 878 660; x_wconf 89' lang='lat' dir='ltr'><strong>opibus</strong></span> <span class='ocrx_word' id='word_1_16' title='bbox 901 601 979 662; x_wconf 91' lang='lat' dir='ltr'><strong>qnae</strong></span> <span class='ocrx_word' id='word_1_17' title='bbox 1001 591 1125 666; x_wconf 87' lang='lat' dir='ltr'><strong>propter</strong></span> <span class='ocrx_word' id='word_1_18' title='bbox 1141 581 1263 643; x_wconf 77' lang='lat' dir='ltr'><strong>Silanae</strong></span> <span class='ocrx_word' id='word_1_19' title='bbox 1284 581 1444 643; x_wconf 79' lang='lat' dir='ltr'><strong>orbitatem</strong></span> 
     </span>
     <span class='ocr_line' id='line_1_4' title="bbox 263 685 1444 768; baseline 0 -22"><span class='ocrx_word' id='word_1_20' title='bbox 263 719 265 725; x_wconf 95' lang='lat'>·</span> <span class='ocrx_word' id='word_1_21' title='bbox 293 687 333 746; x_wconf 88' lang='lat' dir='ltr'><strong>ad</strong></span> <span class='ocrx_word' id='word_1_22' title='bbox 355 685 490 750; x_wconf 85' lang='lat' dir='ltr'><strong>Sextium</strong></span> <span class='ocrx_word' id='word_1_23' title='bbox 512 695 717 768; x_wconf 79' lang='lat' dir='ltr'><strong>perventurae</strong></span> <span class='ocrx_word' id='word_1_24' title='bbox 740 698 836 748; x_wconf 88' lang='lat' dir='ltr'><strong>erant.</strong></span> <span class='ocrx_word' id='word_1_25' title='bbox 861 723 899 733; x_wconf 86' lang='lat'>—</span> <span class='ocrx_word' id='word_1_26' title='bbox 932 688 985 748; x_wconf 65' lang='lat' dir='ltr'><strong>⁴Ac</strong></span> <span class='ocrx_word' id='word_1_27' title='bbox 1006 700 1107 749; x_wconf 89' lang='lat' dir='ltr'><strong>tamen</strong></span> <span class='ocrx_word' id='word_1_28' title='bbox 1131 689 1169 748; x_wconf 91' lang='lat' dir='ltr'><strong>de</strong></span> <span class='ocrx_word' id='word_1_29' title='bbox 1192 689 1304 749; x_wconf 75' lang='lat' dir='ltr'><strong>ultimis</strong></span> <span class='ocrx_word' id='word_1_30' title='bbox 1326 689 1444 750; x_wconf 89' lang='lat' dir='ltr'><strong>duobus</strong></span> 
     </span>
     <span class='ocr_line' id='line_1_5' title="bbox 292 795 1443 876; baseline 0.003 -22"><span class='ocrx_word' id='word_1_31' title='bbox 292 795 367 854; x_wconf 88' lang='lat' dir='ltr'><strong>locis</strong></span> <span class='ocrx_word' id='word_1_32' title='bbox 389 795 499 872; x_wconf 83' lang='lat' dir='ltr'><strong>ambigi</strong></span> <span class='ocrx_word' id='word_1_33' title='bbox 522 803 643 875; x_wconf 87' lang='lat' dir='ltr'><strong>potest,</strong></span> <span class='ocrx_word' id='word_1_34' title='bbox 673 815 773 855; x_wconf 88' lang='lat' dir='ltr'><strong>nonne</strong></span> <span class='ocrx_word' id='word_1_35' title='bbox 795 795 834 854; x_wconf 86' lang='lat' dir='ltr'><strong>ad</strong></span> <span class='ocrx_word' id='word_1_36' title='bbox 856 796 992 874; x_wconf 78' lang='lat' dir='ltr'><strong>regulam</strong></span> <span class='ocrx_word' id='word_1_37' title='bbox 1016 795 1200 876; x_wconf 87' lang='lat' dir='ltr'><strong>expediendi</strong></span> <span class='ocrx_word' id='word_1_38' title='bbox 1221 798 1291 858; x_wconf 92' lang='lat' dir='ltr'><strong>sint.</strong></span> <span class='ocrx_word' id='word_1_39' title='bbox 1342 798 1443 874; x_wconf 79' lang='lat' dir='ltr'><strong>Quum</strong></span> 
     </span>
     <span class='ocr_line' id='line_1_6' title="bbox 294 903 1444 985; baseline 0.002 -23"><span class='ocrx_word' id='word_1_40' title='bbox 294 904 372 963; x_wconf 87' lang='lat' dir='ltr'><strong>enim</strong></span> <span class='ocrx_word' id='word_1_41' title='bbox 397 903 574 964; x_wconf 86' lang='lat' dir='ltr'><strong>vocabulum</strong></span> <span class='ocrx_word' id='word_1_42' title='bbox 604 915 695 963; x_wconf 78' lang='lat' dir='ltr'><strong>terror</strong></span> <span class='ocrx_word' id='word_1_43' title='bbox 723 904 813 962; x_wconf 87' lang='lat' dir='ltr'><strong>etiam</strong></span> <span class='ocrx_word' id='word_1_44' title='bbox 844 905 942 964; x_wconf 87' lang='lat' dir='ltr'><strong>activo</strong></span> <span class='ocrx_word' id='word_1_45' title='bbox 975 922 1064 966; x_wconf 87' lang='lat' dir='ltr'><strong>sensu</strong></span> <span class='ocrx_word' id='word_1_46' title='bbox 1094 924 1113 964; x_wconf 91' lang='lat' dir='ltr'><strong>a</strong></span> <span class='ocrx_word' id='word_1_47' title='bbox 1141 905 1249 965; x_wconf 84' lang='lat' dir='ltr'><strong>Tacito</strong></span> <span class='ocrx_word' id='word_1_48' title='bbox 1283 914 1444 985; x_wconf 82' lang='lat' dir='ltr'><strong>usurpetur</strong></span> 
     </span>
     <span class='ocr_line' id='line_1_7' title="bbox 295 1008 1444 1092; baseline 0.003 -23"><span class='ocrx_word' id='word_1_49' title='bbox 295 1009 375 1092; x_wconf 86' lang='lat' dir='ltr'><strong>(vide</strong></span> <span class='ocrx_word' id='word_1_50' title='bbox 397 1008 502 1092; x_wconf 82' lang='lat' dir='ltr'><strong>intra),</strong></span> <span class='ocrx_word' id='word_1_51' title='bbox 536 1011 619 1070; x_wconf 93' lang='lat' dir='ltr'><strong>locus</strong></span> <span class='ocrx_word' id='word_1_52' title='bbox 641 1010 835 1071; x_wconf 80' lang='lat' dir='ltr'><strong>historiarum</strong></span> <span class='ocrx_word' id='word_1_53' title='bbox 857 1011 987 1072; x_wconf 82' lang='lat' dir='ltr'><strong>fortasse</strong></span> <span class='ocrx_word' id='word_1_54' title='bbox 1016 1011 1208 1092; x_wconf 87' lang='lat' dir='ltr'><strong>accipiendus</strong></span> <span class='ocrx_word' id='word_1_55' title='bbox 1236 1021 1284 1072; x_wconf 92' lang='lat' dir='ltr'><strong>est</strong></span> <span class='ocrx_word' id='word_1_56' title='bbox 1311 1013 1341 1073; x_wconf 92' lang='lat' dir='ltr'><strong>in</strong></span> <span class='ocrx_word' id='word_1_57' title='bbox 1364 1013 1444 1074; x_wconf 89' lang='lat' dir='ltr'><strong>hunc</strong></span> 
     </span>
     <span class='ocr_line' id='line_1_8' title="bbox 294 1113 1444 1201; baseline 0.005 -26"><span class='ocrx_word' id='word_1_58' title='bbox 294 1114 435 1192; x_wconf 86' lang='lat' dir='ltr'><strong>modum:</strong></span> <span class='ocrx_word' id='word_1_59' title='bbox 458 1113 604 1176; x_wconf 88' lang='lat' dir='ltr'><strong>nutabant</strong></span> <span class='ocrx_word' id='word_1_60' title='bbox 625 1115 809 1176; x_wconf 88' lang='lat' dir='ltr'><strong>Vitellianae</strong></span> <span class='ocrx_word' id='word_1_61' title='bbox 830 1116 969 1179; x_wconf 87' lang='lat' dir='ltr'><strong>cobortes</strong></span> <span class='ocrx_word' id='word_1_62' title='bbox 991 1118 1073 1178; x_wconf 80' lang='lat' dir='ltr'><strong>sarna</strong></span> <span class='ocrx_word' id='word_1_63' title='bbox 1087 1120 1167 1178; x_wconf 90' lang='lat' dir='ltr'><strong>aucti</strong></span> <span class='ocrx_word' id='word_1_64' title='bbox 1184 1121 1342 1198; x_wconf 82' lang='lat' dir='ltr'><strong>exercitus,</strong></span> <span class='ocrx_word' id='word_1_65' title='bbox 1364 1140 1444 1201; x_wconf 88' lang='lat' dir='ltr'><strong>quae</strong></span> 
     </span>
     <span class='ocr_line' id='line_1_9' title="bbox 271 1221 1445 1306; baseline 0.005 -24"><span class='ocrx_word' id='word_1_66' title='bbox 271 1237 346 1282; x_wconf 82' lang='lat' dir='ltr'><strong>&#39;eas</strong></span> <span class='ocrx_word' id='word_1_67' title='bbox 369 1221 517 1299; x_wconf 81' lang='lat' dir='ltr'><strong>ter-rebat3</strong></span> <span class='ocrx_word' id='word_1_68' title='bbox 540 1231 631 1302; x_wconf 88' lang='lat' dir='ltr'><strong>atque</strong></span> <span class='ocrx_word' id='word_1_69' title='bbox 653 1223 679 1281; x_wconf 90' lang='lat' dir='ltr'><strong>is</strong></span> <span class='ocrx_word' id='word_1_70' title='bbox 701 1223 753 1302; x_wconf 93' lang='lat' dir='ltr'><strong>qui</strong></span> <span class='ocrx_word' id='word_1_71' title='bbox 775 1242 815 1283; x_wconf 86' lang='lat' dir='ltr'><strong>cx</strong></span> <span class='ocrx_word' id='word_1_72' title='bbox 836 1223 995 1286; x_wconf 79' lang='lat' dir='ltr'><strong>annalibus</strong></span> <span class='ocrx_word' id='word_1_73' title='bbox 1018 1224 1195 1306; x_wconf 87' lang='lat' dir='ltr'><strong>desumptus</strong></span> <span class='ocrx_word' id='word_1_74' title='bbox 1228 1234 1275 1287; x_wconf 88' lang='lat' dir='ltr'><strong>est</strong></span> <span class='ocrx_word' id='word_1_75' title='bbox 1303 1227 1445 1288; x_wconf 90' lang='lat' dir='ltr'><strong>admittat</strong></span> 
     </span>
     <span class='ocr_line' id='line_1_10' title="bbox 296 1331 1442 1414; baseline 0.005 -24"><span class='ocrx_word' id='word_1_76' title='bbox 296 1331 544 1410; x_wconf 71' lang='lat' dir='ltr'><strong>explicationem</strong></span> <span class='ocrx_word' id='word_1_77' title='bbox 567 1351 606 1390; x_wconf 91' lang='lat' dir='ltr'><strong>ne</strong></span> <span class='ocrx_word' id='word_1_78' title='bbox 628 1338 786 1410; x_wconf 89' lang='lat' dir='ltr'><strong>poteretur</strong></span> <span class='ocrx_word' id='word_1_79' title='bbox 808 1331 937 1394; x_wconf 89' lang='lat' dir='ltr'><strong>orbitate</strong></span> <span class='ocrx_word' id='word_1_80' title='bbox 966 1334 1104 1408; x_wconf 81' lang='lat' dir='ltr'><strong>Silanae,</strong></span> <span class='ocrx_word' id='word_1_81' title='bbox 1135 1355 1212 1414; x_wconf 88' lang='lat' dir='ltr'><strong>quae</strong></span> <span class='ocrx_word' id='word_1_82' title='bbox 1243 1335 1350 1414; x_wconf 90' lang='lat' dir='ltr'><strong>opibus</strong></span> <span class='ocrx_word' id='word_1_83' title='bbox 1373 1345 1442 1396; x_wconf 83' lang='lat' dir='ltr'><strong>con·</strong></span> 
     </span>
     <span class='ocr_line' id='line_1_11' title="bbox 295 1437 1111 1517; baseline 0.002 -19"><span class='ocrx_word' id='word_1_84' title='bbox 295 1438 405 1501; x_wconf 87' lang='lat' dir='ltr'><strong>stabat.</strong></span> <span class='ocrx_word' id='word_1_85' title='bbox 428 1473 472 1484; x_wconf 92' lang='lat'>—</span> <span class='ocrx_word' id='word_1_86' title='bbox 495 1437 556 1498; x_wconf 84' lang='lat' dir='ltr'><strong>Sed</strong></span> <span class='ocrx_word' id='word_1_87' title='bbox 579 1439 742 1517; x_wconf 83' lang='lat' dir='ltr'><strong>simplicior</strong></span> <span class='ocrx_word' id='word_1_88' title='bbox 764 1438 884 1499; x_wconf 80' lang='lat' dir='ltr'><strong>videtur</strong></span> <span class='ocrx_word' id='word_1_89' title='bbox 906 1441 1000 1501; x_wconf 87' lang='lat' dir='ltr'><strong>altera</strong></span> <span class='ocrx_word' id='word_1_90' title='bbox 1023 1442 1111 1500; x_wconf 87' lang='lat' dir='ltr'><strong>ratio.</strong></span> 
     </span>
     <span class='ocr_line' id='line_1_12' title="bbox 355 1531 1445 1627; baseline 0.002 -23"><span class='ocrx_word' id='word_1_91' title='bbox 355 1531 358 1538; x_wconf 43' lang='lat'>¹</span> <span class='ocrx_word' id='word_1_92' title='bbox 381 1545 461 1606; x_wconf 88' lang='lat' dir='ltr'><strong>Dein</strong></span> <span class='ocrx_word' id='word_1_93' title='bbox 483 1545 578 1606; x_wconf 88' lang='lat' dir='ltr'><strong>verba</strong></span> <span class='ocrx_word' id='word_1_94' title='bbox 599 1545 715 1625; x_wconf 89' lang='lat' dir='ltr'><strong>aliquot</strong></span> <span class='ocrx_word' id='word_1_95' title='bbox 736 1544 906 1606; x_wconf 83' lang='lat' dir='ltr'><strong>addiderim</strong></span> <span class='ocrx_word' id='word_1_96' title='bbox 929 1547 1065 1622; x_wconf 83' lang='lat' dir='ltr'><strong>deloco,</strong></span> <span class='ocrx_word' id='word_1_97' title='bbox 1088 1548 1140 1627; x_wconf 89' lang='lat' dir='ltr'><strong>qni</strong></span> <span class='ocrx_word' id='word_1_98' title='bbox 1162 1553 1194 1606; x_wconf 88' lang='lat' dir='ltr'><strong>ut</strong></span> <span class='ocrx_word' id='word_1_99' title='bbox 1215 1546 1309 1623; x_wconf 85' lang='lat' dir='ltr'><strong>vulgo</strong></span> <span class='ocrx_word' id='word_1_100' title='bbox 1332 1546 1445 1624; x_wconf 82' lang='lat' dir='ltr'><strong>legitur·</strong></span> 
     </span>
     <span class='ocr_line' id='line_1_13' title="bbox 296 1650 1445 1725; baseline 0.002 -15"><span class='ocrx_word' id='word_1_101' title='bbox 296 1650 405 1710; x_wconf 88' lang='lat' dir='ltr'><strong>rrrcudo</strong></span> <span class='ocrx_word' id='word_1_102' title='bbox 436 1651 556 1712; x_wconf 89' lang='lat' dir='ltr'><strong>videtur</strong></span> <span class='ocrx_word' id='word_1_103' title='bbox 585 1651 713 1712; x_wconf 87' lang='lat' dir='ltr'><strong>infectus</strong></span> <span class='ocrx_word' id='word_1_104' title='bbox 747 1669 824 1712; x_wconf 88' lang='lat' dir='ltr'><strong>esse.</strong></span> <span class='ocrx_word' id='word_1_105' title='bbox 882 1651 962 1712; x_wconf 85' lang='lat' dir='ltr'><strong>Anu.</strong></span> <span class='ocrx_word' id='word_1_106' title='bbox 994 1653 1053 1725; x_wconf 84' lang='lat' dir='ltr'><strong>XI,</strong></span> <span class='ocrx_word' id='word_1_107' title='bbox 1086 1655 1120 1712; x_wconf 84' lang='lat'><strong>6:</strong></span> <span class='ocrx_word' id='word_1_108' title='bbox 1152 1665 1271 1712; x_wconf 77' lang='lat' dir='ltr'><strong>ceterum</strong></span> <span class='ocrx_word' id='word_1_109' title='bbox 1302 1664 1445 1712; x_wconf 74' lang='lat' dir='ltr'><strong>matorum</strong></span> 
     </span>
     <span class='ocr_line' id='line_1_14' title="bbox 295 1739 1445 1835; baseline 0.002 -18"><span class='ocrx_word' id='word_1_110' title='bbox 295 1761 420 1833; x_wconf 74' lang='lat' dir='ltr'><strong>exemplo</strong></span> <span class='ocrx_word' id='word_1_111' title='bbox 440 1739 578 1832; x_wconf 78' lang='lat' dir='ltr'><strong>referens,</strong></span> <span class='ocrx_word' id='word_1_112' title='bbox 611 1762 661 1832; x_wconf 80' lang='lat' dir='ltr'><strong>qui</strong></span> <span class='ocrx_word' id='word_1_113' title='bbox 672 1764 789 1832; x_wconf 81' lang='lat' dir='ltr'><strong>samum</strong></span> <span class='ocrx_word' id='word_1_114' title='bbox 810 1771 835 1817; x_wconf 89' lang='lat' dir='ltr'><strong>et</strong></span> <span class='ocrx_word' id='word_1_115' title='bbox 852 1772 979 1833; x_wconf 80' lang='lat' dir='ltr'><strong>porterus</strong></span> <span class='ocrx_word' id='word_1_116' title='bbox 995 1765 1128 1835; x_wconf 82' lang='lat' dir='ltr'><strong>praemia</strong></span> <span class='ocrx_word' id='word_1_117' title='bbox 1151 1764 1321 1834; x_wconf 71' lang='lat' dir='ltr'><strong>dequcrrtim</strong></span> <span class='ocrx_word' id='word_1_118' title='bbox 1341 1763 1445 1834; x_wconf 74' lang='lat' dir='ltr'><strong>copita-</strong></span> 
     </span>
     <span class='ocr_line' id='line_1_15' title="bbox 296 1864 1526 1946; baseline 0.006 -25"><span class='ocrx_word' id='word_1_119' title='bbox 296 1868 414 1938; x_wconf 78' lang='lat' dir='ltr'><strong>ca&#39;caeut,</strong></span> <span class='ocrx_word' id='word_1_120' title='bbox 446 1883 536 1943; x_wconf 88' lang='lat' dir='ltr'><strong>quum</strong></span> <span class='ocrx_word' id='word_1_121' title='bbox 565 1864 659 1925; x_wconf 85' lang='lat' dir='ltr'><strong>verba</strong></span> <span class='ocrx_word' id='word_1_122' title='bbox 686 1871 797 1937; x_wconf 74' lang='lat' dir='ltr'><strong>fornum</strong></span> <span class='ocrx_word' id='word_1_123' title='bbox 820 1875 845 1924; x_wconf 90' lang='lat' dir='ltr'><strong>et</strong></span> <span class='ocrx_word' id='word_1_124' title='bbox 861 1878 989 1940; x_wconf 75' lang='lat' dir='ltr'><strong>porterus</strong></span> <span class='ocrx_word' id='word_1_125' title='bbox 1019 1867 1110 1926; x_wconf 90' lang='lat' dir='ltr'><strong>alium</strong></span> <span class='ocrx_word' id='word_1_126' title='bbox 1143 1886 1264 1926; x_wconf 89' lang='lat' dir='ltr'><strong>sensum</strong></span> <span class='ocrx_word' id='word_1_127' title='bbox 1295 1866 1444 1946; x_wconf 87' lang='lat' dir='ltr'><strong>praebere</strong></span> <span class='ocrx_word' id='word_1_128' title='bbox 1521 1927 1526 1936; x_wconf 88' lang='grc'><em>,</em></span> 
     </span>
     <span class='ocr_line' id='line_1_16' title="bbox 295 1969 1443 2053; baseline 0.003 -25"><span class='ocrx_word' id='word_1_129' title='bbox 295 1989 355 2029; x_wconf 93' lang='lat' dir='ltr'><strong>non</strong></span> <span class='ocrx_word' id='word_1_130' title='bbox 378 1971 504 2050; x_wconf 81' lang='lat' dir='ltr'><strong>possint,</strong></span> <span class='ocrx_word' id='word_1_131' title='bbox 527 1990 633 2050; x_wconf 90' lang='lat' dir='ltr'><strong>quam:</strong></span> <span class='ocrx_word' id='word_1_132' title='bbox 656 1969 768 2030; x_wconf 80' lang='lat' dir='ltr'><strong>lamam</strong></span> <span class='ocrx_word' id='word_1_133' title='bbox 791 1979 993 2050; x_wconf 81' lang='lat' dir='ltr'><strong>posterorum,</strong></span> <span class='ocrx_word' id='word_1_134' title='bbox 1029 1973 1095 2032; x_wconf 87' lang='lat' dir='ltr'><strong>vel:</strong></span> <span class='ocrx_word' id='word_1_135' title='bbox 1124 1973 1163 2033; x_wconf 92' lang='lat' dir='ltr'><strong>ad</strong></span> <span class='ocrx_word' id='word_1_136' title='bbox 1192 1975 1443 2053; x_wconf 75' lang='lat' dir='ltr'><strong>postercs(nam</strong></span> 
     </span>
     <span class='ocr_line' id='line_1_17' title="bbox 289 2063 1443 2162; baseline 0.004 -27"><span class='ocrx_word' id='word_1_137' title='bbox 289 2081 398 2150; x_wconf 79' lang='lat' dir='ltr'><strong>portari</strong></span> <span class='ocrx_word' id='word_1_138' title='bbox 416 2078 554 2155; x_wconf 83' lang='lat' dir='ltr'><strong>praemia</strong></span> <span class='ocrx_word' id='word_1_139' title='bbox 576 2063 775 2157; x_wconf 79' lang='lat' dir='ltr'><strong>eloquentiae</strong></span> <span class='ocrx_word' id='word_1_140' title='bbox 789 2079 890 2138; x_wconf 86' lang='lat' dir='ltr'><strong>vocari</strong></span> <span class='ocrx_word' id='word_1_141' title='bbox 911 2098 971 2138; x_wconf 92' lang='lat' dir='ltr'><strong>uon</strong></span> <span class='ocrx_word' id='word_1_142' title='bbox 992 2078 1121 2159; x_wconf 89' lang='lat' dir='ltr'><strong>putandi</strong></span> <span class='ocrx_word' id='word_1_143' title='bbox 1143 2073 1228 2162; x_wconf 87' lang='lat' dir='ltr'><strong>sunt)</strong></span> <span class='ocrx_word' id='word_1_144' title='bbox 1258 2098 1297 2139; x_wconf 89' lang='lat' dir='ltr'><strong>ex</strong></span> <span class='ocrx_word' id='word_1_145' title='bbox 1319 2099 1443 2140; x_wconf 88' lang='lat' dir='ltr'><strong>consue-</strong></span> 
     </span>
     <span class='ocr_line' id='line_1_18' title="bbox 293 2173 1442 2265; baseline 0.007 -27"><span class='ocrx_word' id='word_1_146' title='bbox 293 2179 398 2240; x_wconf 90' lang='lat' dir='ltr'><strong>tudine</strong></span> <span class='ocrx_word' id='word_1_147' title='bbox 420 2173 561 2241; x_wconf 78' lang='lat' dir='ltr'><strong>&#39;Pacilius</strong></span> <span class='ocrx_word' id='word_1_148' title='bbox 584 2183 742 2244; x_wconf 89' lang='lat' dir='ltr'><strong>dicendum</strong></span> <span class='ocrx_word' id='word_1_149' title='bbox 767 2182 843 2244; x_wconf 86' lang='lat' dir='ltr'><strong>luit:</strong></span> <span class='ocrx_word' id='word_1_150' title='bbox 873 2192 1012 2263; x_wconf 88' lang='lat' dir='ltr'><strong>posteros</strong></span> <span class='ocrx_word' id='word_1_151' title='bbox 1039 2193 1069 2245; x_wconf 91' lang='lat' dir='ltr'><strong>et</strong></span> <span class='ocrx_word' id='word_1_152' title='bbox 1099 2184 1229 2265; x_wconf 83' lang='lat' dir='ltr'><strong>famam,</strong></span> <span class='ocrx_word' id='word_1_153' title='bbox 1258 2195 1291 2244; x_wconf 91' lang='lat' dir='ltr'><strong>ut</strong></span> <span class='ocrx_word' id='word_1_154' title='bbox 1318 2205 1442 2264; x_wconf 88' lang='lat' dir='ltr'><strong>prorsus</strong></span> 
     </span>
     <span class='ocr_line' id='line_1_19' title="bbox 296 2286 1444 2366; baseline 0.006 -22"><span class='ocrx_word' id='word_1_155' title='bbox 296 2286 400 2346; x_wconf 81' lang='lat' dir='ltr'><strong>similis</strong></span> <span class='ocrx_word' id='word_1_156' title='bbox 425 2288 575 2348; x_wconf 88' lang='lat' dir='ltr'><strong>iuvenitur</strong></span> <span class='ocrx_word' id='word_1_157' title='bbox 597 2290 680 2350; x_wconf 90' lang='lat' dir='ltr'><strong>locus</strong></span> <span class='ocrx_word' id='word_1_158' title='bbox 704 2290 784 2350; x_wconf 82' lang='lat' dir='ltr'><strong>Ann.</strong></span> <span class='ocrx_word' id='word_1_159' title='bbox 809 2289 870 2365; x_wconf 88' lang='lat'>111,</span> <span class='ocrx_word' id='word_1_160' title='bbox 894 2289 950 2346; x_wconf 79' lang='lat' dir='ltr'><strong>os:</strong></span> <span class='ocrx_word' id='word_1_161' title='bbox 981 2299 1064 2362; x_wconf 81' lang='lat' dir='ltr'><strong>atqua</strong></span> <span class='ocrx_word' id='word_1_162' title='bbox 1080 2295 1181 2364; x_wconf 81' lang='lat' dir='ltr'><strong>procis</strong></span> <span class='ocrx_word' id='word_1_163' title='bbox 1203 2295 1286 2350; x_wconf 81' lang='lat' dir='ltr'><strong>dictis</strong></span> <span class='ocrx_word' id='word_1_164' title='bbox 1304 2296 1444 2366; x_wconf 64' lang='lat' dir='ltr'><strong>factuque</strong></span> 
     </span>
     <span class='ocr_line' id='line_1_20' title="bbox 296 2394 1443 2476; baseline 0.006 -25"><span class='ocrx_word' id='word_1_165' title='bbox 296 2413 329 2451; x_wconf 84' lang='lat' dir='ltr'><strong>cc</strong></span> <span class='ocrx_word' id='word_1_166' title='bbox 346 2397 510 2467; x_wconf 73' lang='lat' dir='ltr'><strong>posteritate</strong></span> <span class='ocrx_word' id='word_1_167' title='bbox 532 2405 557 2454; x_wconf 92' lang='lat' dir='ltr'><strong>et</strong></span> <span class='ocrx_word' id='word_1_168' title='bbox 578 2400 702 2471; x_wconf 79' lang='lat' dir='ltr'><strong>iufamia</strong></span> <span class='ocrx_word' id='word_1_169' title='bbox 723 2407 808 2456; x_wconf 83' lang='lat' dir='ltr'><strong>uretur</strong></span> <span class='ocrx_word' id='word_1_170' title='bbox 828 2401 872 2454; x_wconf 82' lang='lat' dir='ltr'><strong>rit.</strong></span> <span class='ocrx_word' id='word_1_171' title='bbox 932 2394 1035 2471; x_wconf 81' lang='lat' dir='ltr'><strong>Quare</strong></span> <span class='ocrx_word' id='word_1_172' title='bbox 1066 2415 1125 2454; x_wconf 92' lang='lat' dir='ltr'><strong>non</strong></span> <span class='ocrx_word' id='word_1_173' title='bbox 1153 2396 1257 2456; x_wconf 87' lang='lat' dir='ltr'><strong>dubito</strong></span> <span class='ocrx_word' id='word_1_174' title='bbox 1279 2397 1350 2476; x_wconf 86' lang='lat' dir='ltr'><strong>quin</strong></span> <span class='ocrx_word' id='word_1_175' title='bbox 1369 2416 1443 2458; x_wconf 86' lang='lat' dir='ltr'><strong>vera</strong></span> 
     </span>
     <span class='ocr_line' id='line_1_21' title="bbox 296 2497 1441 2581; baseline 0.006 -25"><span class='ocrx_word' id='word_1_176' title='bbox 296 2498 335 2557; x_wconf 89' lang='lat' dir='ltr'><strong>sit</strong></span> <span class='ocrx_word' id='word_1_177' title='bbox 357 2497 514 2558; x_wconf 88' lang='lat' dir='ltr'><strong>adnotatio</strong></span> <span class='ocrx_word' id='word_1_178' title='bbox 538 2502 728 2578; x_wconf 83' lang='lat' dir='ltr'><strong>marginalis:</strong></span> <span class='ocrx_word' id='word_1_179' title='bbox 751 2509 802 2560; x_wconf 86' lang='lat' dir='ltr'><strong>uel</strong></span> <span class='ocrx_word' id='word_1_180' title='bbox 820 2514 955 2577; x_wconf 74' lang='lat' dir='ltr'><strong>posteros,</strong></span> <span class='ocrx_word' id='word_1_181' title='bbox 977 2501 1222 2581; x_wconf 85' lang='lat' dir='ltr'><strong>sumendumque</strong></span> <span class='ocrx_word' id='word_1_182' title='bbox 1240 2510 1304 2577; x_wconf 84' lang='lat' dir='ltr'><strong>est,</strong></span> <span class='ocrx_word' id='word_1_183' title='bbox 1326 2523 1441 2563; x_wconf 87' lang='lat' dir='ltr'><strong>correc-</strong></span> 
     </span>
     <span class='ocr_line' id='line_1_22' title="bbox 295 2604 1441 2686; baseline 0.004 -21"><span class='ocrx_word' id='word_1_184' title='bbox 295 2618 391 2666; x_wconf 88' lang='lat' dir='ltr'><strong>torem</strong></span> <span class='ocrx_word' id='word_1_185' title='bbox 414 2606 567 2686; x_wconf 85' lang='lat' dir='ltr'><strong>quendam</strong></span> <span class='ocrx_word' id='word_1_186' title='bbox 590 2626 629 2668; x_wconf 85' lang='lat' dir='ltr'><strong>ex</strong></span> <span class='ocrx_word' id='word_1_187' title='bbox 658 2608 717 2668; x_wconf 88' lang='lat' dir='ltr'><strong>alio</strong></span> <span class='ocrx_word' id='word_1_188' title='bbox 749 2618 781 2669; x_wconf 85' lang='lat' dir='ltr'><strong>et</strong></span> <span class='ocrx_word' id='word_1_189' title='bbox 810 2606 933 2668; x_wconf 85' lang='lat' dir='ltr'><strong>meliors</strong></span> <span class='ocrx_word' id='word_1_190' title='bbox 963 2606 1067 2666; x_wconf 87' lang='lat' dir='ltr'><strong>codice</strong></span> <span class='ocrx_word' id='word_1_191' title='bbox 1097 2604 1176 2666; x_wconf 89' lang='lat' dir='ltr'><strong>banc</strong></span> <span class='ocrx_word' id='word_1_192' title='bbox 1202 2607 1441 2670; x_wconf 88' lang='lat' dir='ltr'><strong>emendationem</strong></span> 
     </span>
     <span class='ocr_line' id='line_1_23' title="bbox 293 2707 1443 2798; baseline 0.003 -28"><span class='ocrx_word' id='word_1_193' title='bbox 293 2707 442 2774; x_wconf 88' lang='lat' dir='ltr'><strong>intulisse.</strong></span> <span class='ocrx_word' id='word_1_194' title='bbox 486 2717 598 2772; x_wconf 75' lang='lat' dir='ltr'><strong>Adsunt</strong></span> <span class='ocrx_word' id='word_1_195' title='bbox 618 2718 690 2774; x_wconf 81' lang='lat' dir='ltr'><strong>euim</strong></span> <span class='ocrx_word' id='word_1_196' title='bbox 718 2719 749 2772; x_wconf 82' lang='lat' dir='ltr'><strong>iu</strong></span> <span class='ocrx_word' id='word_1_197' title='bbox 777 2719 902 2788; x_wconf 61' lang='lat' dir='ltr'><strong>mareiae</strong></span> <span class='ocrx_word' id='word_1_198' title='bbox 933 2717 1127 2773; x_wconf 72' lang='lat' dir='ltr'><strong>adnotationes</strong></span> <span class='ocrx_word' id='word_1_199' title='bbox 1152 2718 1301 2774; x_wconf 81' lang='lat' dir='ltr'><strong>uouuullue</strong></span> <span class='ocrx_word' id='word_1_200' title='bbox 1330 2719 1443 2798; x_wconf 60' lang='lat' dir='ltr'><strong>diuerso</strong></span> 
     </span>
     <span class='ocr_line' id='line_1_24' title="bbox 296 2819 1443 2897; baseline 0.007 -21"><span class='ocrx_word' id='word_1_201' title='bbox 296 2840 392 2893; x_wconf 82' lang='lat' dir='ltr'><strong>meaa,</strong></span> <span class='ocrx_word' id='word_1_202' title='bbox 414 2824 599 2880; x_wconf 80' lang='lat' dir='ltr'><strong>redualdo</strong></span> <span class='ocrx_word' id='word_1_203' title='bbox 621 2826 789 2897; x_wconf 77' lang='lat' dir='ltr'><strong>antiqno,</strong></span> <span class='ocrx_word' id='word_1_204' title='bbox 820 2829 854 2881; x_wconf 89' lang='lat' dir='ltr'><strong>ut</strong></span> <span class='ocrx_word' id='word_1_205' title='bbox 876 2822 920 2880; x_wconf 86' lang='lat' dir='ltr'><strong>ait</strong></span> <span class='ocrx_word' id='word_1_206' title='bbox 940 2820 1094 2880; x_wconf 83' lang='lat' dir='ltr'><strong>Bandinus</strong></span> <span class='ocrx_word' id='word_1_207' title='bbox 1123 2820 1154 2879; x_wconf 93' lang='lat' dir='ltr'><strong>in</strong></span> <span class='ocrx_word' id='word_1_208' title='bbox 1183 2819 1321 2897; x_wconf 82' lang='lat' dir='ltr'><strong>catalogo</strong></span> <span class='ocrx_word' id='word_1_209' title='bbox 1352 2819 1443 2884; x_wconf 77' lang='lat' dir='ltr'><strong>codd.</strong></span> 
     </span>
     <span class='ocr_line' id='line_1_25' title="bbox 295 2924 1443 2989; baseline 0.004 -5"><span class='ocrx_word' id='word_1_210' title='bbox 295 2925 396 2988; x_wconf 86' lang='lat' dir='ltr'><strong>Latin.</strong></span> <span class='ocrx_word' id='word_1_211' title='bbox 419 2924 490 2985; x_wconf 93' lang='lat' dir='ltr'><strong>bibl.</strong></span> <span class='ocrx_word' id='word_1_212' title='bbox 513 2925 744 2986; x_wconf 78' lang='lat' dir='ltr'><strong>Laurentianus.</strong></span> <span class='ocrx_word' id='word_1_213' title='bbox 789 2925 924 2986; x_wconf 81' lang='lat' dir='ltr'><strong>Fulcitur</strong></span> <span class='ocrx_word' id='word_1_214' title='bbox 946 2931 1047 2984; x_wconf 88' lang='lat' dir='ltr'><strong>autem</strong></span> <span class='ocrx_word' id='word_1_215' title='bbox 1071 2924 1145 2984; x_wconf 86' lang='lat' dir='ltr'><strong>haec</strong></span> <span class='ocrx_word' id='word_1_216' title='bbox 1167 2925 1257 2985; x_wconf 87' lang='lat' dir='ltr'><strong>lectio</strong></span> <span class='ocrx_word' id='word_1_217' title='bbox 1281 2927 1347 2987; x_wconf 89' lang='lat' dir='ltr'><strong>loco</strong></span> <span class='ocrx_word' id='word_1_218' title='bbox 1363 2927 1443 2989; x_wconf 86' lang='lat' dir='ltr'><strong>Anu.</strong></span> 
     </span>
     <span class='ocr_line' id='line_1_26' title="bbox 296 3031 987 3108; baseline 0.004 -18"><span class='ocrx_word' id='word_1_219' title='bbox 296 3031 319 3104; x_wconf 88' lang='lat' dir='ltr'><strong>l,</strong></span> <span class='ocrx_word' id='word_1_220' title='bbox 343 3033 376 3092; x_wconf 82' lang='lat'><strong>8:</strong></span> <span class='ocrx_word' id='word_1_221' title='bbox 392 3036 538 3105; x_wconf 69' lang='lat' dir='ltr'><strong>jactantia</strong></span> <span class='ocrx_word' id='word_1_222' title='bbox 557 3037 703 3108; x_wconf 59' lang='lat' dir='ltr'><strong>quercuque</strong></span> <span class='ocrx_word' id='word_1_223' title='bbox 724 3040 771 3092; x_wconf 82' lang='lat' dir='ltr'><strong>od</strong></span> <span class='ocrx_word' id='word_1_224' title='bbox 787 3044 921 3108; x_wconf 79' lang='lat' dir='ltr'><strong>posteros.</strong></span> <span class='ocrx_word' id='word_1_225' title='bbox 944 3065 987 3078; x_wconf 91' lang='lat'><strong>·-</strong></span> 
     </span>
    </p>

    <p class='ocr_par' dir='ltr' id='par_1_3' title="bbox 290 3137 1443 4079">
     <span class='ocr_line' id='line_1_27' title="bbox 382 3137 1441 3222; baseline 0.003 -24"><span class='ocrx_word' id='word_1_226' title='bbox 382 3140 547 3201; x_wconf 86' lang='lat' dir='ltr'><strong>Veniamus</strong></span> <span class='ocrx_word' id='word_1_227' title='bbox 569 3140 609 3200; x_wconf 90' lang='lat' dir='ltr'><strong>ad</strong></span> <span class='ocrx_word' id='word_1_228' title='bbox 632 3141 701 3204; x_wconf 89' lang='lat' dir='ltr'><strong>alia.</strong></span> <span class='ocrx_word' id='word_1_229' title='bbox 748 3142 781 3202; x_wconf 84' lang='lat' dir='ltr'><strong>si</strong></span> <span class='ocrx_word' id='word_1_230' title='bbox 804 3140 931 3222; x_wconf 86' lang='lat' dir='ltr'><strong>indicia,</strong></span> <span class='ocrx_word' id='word_1_231' title='bbox 965 3158 1042 3220; x_wconf 88' lang='lat' dir='ltr'><strong>quae</strong></span> <span class='ocrx_word' id='word_1_232' title='bbox 1073 3159 1113 3199; x_wconf 84' lang='lat' dir='ltr'><strong>ex</strong></span> <span class='ocrx_word' id='word_1_233' title='bbox 1134 3137 1332 3201; x_wconf 85' lang='lat' dir='ltr'><strong>collocatione</strong></span> <span class='ocrx_word' id='word_1_234' title='bbox 1354 3161 1441 3202; x_wconf 82' lang='lat' dir='ltr'><strong>voca-</strong></span> 
     </span>
     <span class='ocr_line' id='line_1_28' title="bbox 297 3246 1442 3328; baseline 0.001 -21"><span class='ocrx_word' id='word_1_235' title='bbox 297 3247 435 3308; x_wconf 86' lang='lat' dir='ltr'><strong>bulorum</strong></span> <span class='ocrx_word' id='word_1_236' title='bbox 458 3246 670 3320; x_wconf 80' lang='lat' dir='ltr'><strong>desumuntur,</strong></span> <span class='ocrx_word' id='word_1_237' title='bbox 701 3266 755 3306; x_wconf 92' lang='lat' dir='ltr'><strong>nos</strong></span> <span class='ocrx_word' id='word_1_238' title='bbox 779 3247 938 3321; x_wconf 83' lang='lat' dir='ltr'><strong>deliciunt,</strong></span> <span class='ocrx_word' id='word_1_239' title='bbox 962 3255 1044 3319; x_wconf 82' lang='lat' dir='ltr'><strong>tum,</strong></span> <span class='ocrx_word' id='word_1_240' title='bbox 1078 3255 1111 3307; x_wconf 92' lang='lat' dir='ltr'><strong>ut</strong></span> <span class='ocrx_word' id='word_1_241' title='bbox 1133 3248 1249 3320; x_wconf 77' lang='lat' dir='ltr'><strong>monui,</strong></span> <span class='ocrx_word' id='word_1_242' title='bbox 1272 3249 1442 3328; x_wconf 88' lang='lat' dir='ltr'><strong>circumspi-</strong></span> 
     </span>
     <span class='ocr_line' id='line_1_29' title="bbox 296 3352 1442 3434; baseline 0.002 -20"><span class='ocrx_word' id='word_1_243' title='bbox 296 3355 435 3416; x_wconf 87' lang='lat' dir='ltr'><strong>ciendum</strong></span> <span class='ocrx_word' id='word_1_244' title='bbox 458 3363 519 3430; x_wconf 85' lang='lat' dir='ltr'><strong>est,</strong></span> <span class='ocrx_word' id='word_1_245' title='bbox 545 3371 647 3414; x_wconf 91' lang='lat' dir='ltr'><strong>nonne</strong></span> <span class='ocrx_word' id='word_1_246' title='bbox 676 3371 715 3412; x_wconf 88' lang='lat' dir='ltr'><strong>cx</strong></span> <span class='ocrx_word' id='word_1_247' title='bbox 743 3352 946 3434; x_wconf 87' lang='lat' dir='ltr'><strong>respondente</strong></span> <span class='ocrx_word' id='word_1_248' title='bbox 974 3352 1106 3434; x_wconf 88' lang='lat' dir='ltr'><strong>quodam</strong></span> <span class='ocrx_word' id='word_1_249' title='bbox 1141 3354 1295 3413; x_wconf 89' lang='lat' dir='ltr'><strong>enuntiato</strong></span> <span class='ocrx_word' id='word_1_250' title='bbox 1329 3355 1442 3434; x_wconf 86' lang='lat' dir='ltr'><strong>aliquid</strong></span> 
     </span>
     <span class='ocr_line' id='line_1_30' title="bbox 297 3456 1442 3539; baseline 0 -19"><span class='ocrx_word' id='word_1_251' title='bbox 297 3461 335 3520; x_wconf 88' lang='lat' dir='ltr'><strong>de</strong></span> <span class='ocrx_word' id='word_1_252' title='bbox 358 3481 438 3520; x_wconf 85' lang='lat' dir='ltr'><strong>nexu</strong></span> <span class='ocrx_word' id='word_1_253' title='bbox 461 3462 616 3521; x_wconf 88' lang='lat' dir='ltr'><strong>notionum</strong></span> <span class='ocrx_word' id='word_1_254' title='bbox 638 3456 738 3536; x_wconf 84' lang='lat' dir='ltr'><strong>colligi</strong></span> <span class='ocrx_word' id='word_1_255' title='bbox 762 3462 868 3539; x_wconf 88' lang='lat' dir='ltr'><strong>possit.</strong></span> <span class='ocrx_word' id='word_1_256' title='bbox 911 3457 1009 3538; x_wconf 89' lang='lat' dir='ltr'><strong>quue</strong></span> <span class='ocrx_word' id='word_1_257' title='bbox 1038 3459 1166 3537; x_wconf 86' lang='lat' dir='ltr'><strong>primum</strong></span> <span class='ocrx_word' id='word_1_258' title='bbox 1189 3459 1232 3519; x_wconf 89' lang='lat' dir='ltr'><strong>ita</strong></span> <span class='ocrx_word' id='word_1_259' title='bbox 1254 3461 1319 3520; x_wconf 88' lang='lat' dir='ltr'><strong>fieri</strong></span> <span class='ocrx_word' id='word_1_260' title='bbox 1342 3461 1442 3538; x_wconf 84' lang='lat' dir='ltr'><strong>debet,</strong></span> 
     </span>
     <span class='ocr_line' id='line_1_31' title="bbox 292 3565 1442 3646; baseline 0.003 -21"><span class='ocrx_word' id='word_1_261' title='bbox 292 3576 327 3625; x_wconf 90' lang='lat' dir='ltr'><strong>ut</strong></span> <span class='ocrx_word' id='word_1_262' title='bbox 349 3565 552 3642; x_wconf 85' lang='lat' dir='ltr'><strong>intelligamus</strong></span> <span class='ocrx_word' id='word_1_263' title='bbox 573 3567 603 3625; x_wconf 93' lang='lat' dir='ltr'><strong>in</strong></span> <span class='ocrx_word' id='word_1_264' title='bbox 626 3566 781 3627; x_wconf 82' lang='lat' dir='ltr'><strong>enuntiato</strong></span> <span class='ocrx_word' id='word_1_265' title='bbox 803 3565 1006 3644; x_wconf 88' lang='lat' dir='ltr'><strong>respondente</strong></span> <span class='ocrx_word' id='word_1_266' title='bbox 1028 3565 1164 3626; x_wconf 88' lang='lat' dir='ltr'><strong>attributi</strong></span> <span class='ocrx_word' id='word_1_267' title='bbox 1185 3568 1321 3646; x_wconf 87' lang='lat' dir='ltr'><strong>partibus</strong></span> <span class='ocrx_word' id='word_1_268' title='bbox 1336 3588 1442 3629; x_wconf 88' lang='lat' dir='ltr'><strong>verum</strong></span> 
     </span>
     <span class='ocr_line' id='line_1_32' title="bbox 296 3672 1443 3753; baseline 0.003 -21"><span class='ocrx_word' id='word_1_269' title='bbox 296 3673 480 3751; x_wconf 84' lang='lat' dir='ltr'><strong>adjectivum</strong></span> <span class='ocrx_word' id='word_1_270' title='bbox 504 3673 599 3750; x_wconf 84' lang='lat' dir='ltr'><strong>fungi.</strong></span> <span class='ocrx_word' id='word_1_271' title='bbox 644 3673 758 3734; x_wconf 90' lang='lat' dir='ltr'><strong>Videas</strong></span> <span class='ocrx_word' id='word_1_272' title='bbox 780 3693 859 3753; x_wconf 88' lang='lat' dir='ltr'><strong>qnae</strong></span> <span class='ocrx_word' id='word_1_273' title='bbox 882 3673 1021 3750; x_wconf 84' lang='lat' dir='ltr'><strong>leguntur</strong></span> <span class='ocrx_word' id='word_1_274' title='bbox 1044 3672 1125 3733; x_wconf 89' lang='lat' dir='ltr'><strong>Anu.</strong></span> <span class='ocrx_word' id='word_1_275' title='bbox 1146 3674 1172 3749; x_wconf 89' lang='grc' dir='ltr'><strong>Ι,</strong></span> <span class='ocrx_word' id='word_1_276' title='bbox 1194 3677 1252 3736; x_wconf 82' lang='lat'><strong>59:</strong></span> <span class='ocrx_word' id='word_1_277' title='bbox 1285 3681 1443 3736; x_wconf 75' lang='lat' dir='ltr'><strong>Arminium</strong></span> 
     </span>
     <span class='ocr_line' id='line_1_33' title="bbox 290 3785 1441 3858; baseline 0.003 -17"><span class='ocrx_word' id='word_1_278' title='bbox 290 3787 386 3858; x_wconf 81' lang='lat' dir='ltr'><strong>potius</strong></span> <span class='ocrx_word' id='word_1_279' title='bbox 406 3786 559 3856; x_wconf 77' lang='lat' dir='ltr'><strong>pieriae</strong></span> <span class='ocrx_word' id='word_1_280' title='bbox 574 3803 615 3840; x_wconf 87' lang='lat' dir='ltr'><strong>ac</strong></span> <span class='ocrx_word' id='word_1_281' title='bbox 631 3785 838 3857; x_wconf 79' lang='lat' dir='ltr'><strong>libertatis,</strong></span> <span class='ocrx_word' id='word_1_282' title='bbox 860 3801 944 3857; x_wconf 82' lang='lat' dir='ltr'><strong>quam</strong></span> <span class='ocrx_word' id='word_1_283' title='bbox 965 3786 1102 3856; x_wconf 77' lang='lat' dir='ltr'><strong>Scpcstem</strong></span> <span class='ocrx_word' id='word_1_284' title='bbox 1116 3786 1353 3857; x_wconf 77' lang='lat' dir='ltr'><strong>slupita‘oroc</strong></span> <span class='ocrx_word' id='word_1_285' title='bbox 1373 3807 1441 3844; x_wconf 84' lang='lat' dir='ltr'><strong>aer·</strong></span> 
     </span>
     <span class='ocr_line' id='line_1_34' title="bbox 294 3888 1440 3971; baseline 0.003 -23"><span class='ocrx_word' id='word_1_286' title='bbox 294 3894 429 3948; x_wconf 75' lang='lat' dir='ltr'><strong>citatis</strong></span> <span class='ocrx_word' id='word_1_287' title='bbox 450 3895 547 3948; x_wconf 82' lang='lat' dir='ltr'><strong>ducem</strong></span> <span class='ocrx_word' id='word_1_288' title='bbox 568 3900 750 3963; x_wconf 76' lang='lat' dir='ltr'><strong>sequerentur.</strong></span> <span class='ocrx_word' id='word_1_289' title='bbox 806 3889 874 3948; x_wconf 90' lang='lat' dir='ltr'><strong>Hoc</strong></span> <span class='ocrx_word' id='word_1_290' title='bbox 897 3888 963 3948; x_wconf 91' lang='lat' dir='ltr'><strong>loco</strong></span> <span class='ocrx_word' id='word_1_291' title='bbox 986 3889 1110 3948; x_wconf 82' lang='lat' dir='ltr'><strong>Tacitus</strong></span> <span class='ocrx_word' id='word_1_292' title='bbox 1140 3892 1205 3970; x_wconf 92' lang='lat' dir='ltr'><strong>ipsc</strong></span> <span class='ocrx_word' id='word_1_293' title='bbox 1237 3892 1323 3971; x_wconf 89' lang='lat' dir='ltr'><strong>quasi</strong></span> <span class='ocrx_word' id='word_1_294' title='bbox 1347 3892 1440 3969; x_wconf 88' lang='lat' dir='ltr'><strong>digito</strong></span> 
     </span>
     <span class='ocr_line' id='line_1_35' title="bbox 296 3995 1440 4079; baseline 0.004 -25"><span class='ocrx_word' id='word_1_295' title='bbox 296 4005 460 4070; x_wconf 86' lang='lat' dir='ltr'><strong>monstrnt,</strong></span> <span class='ocrx_word' id='word_1_296' title='bbox 484 3995 636 4076; x_wconf 90' lang='lat' dir='ltr'><strong>quomodo</strong></span> <span class='ocrx_word' id='word_1_297' title='bbox 659 3997 753 4074; x_wconf 90' lang='lat' dir='ltr'><strong>accipi</strong></span> <span class='ocrx_word' id='word_1_298' title='bbox 777 3996 849 4055; x_wconf 85' lang='lat' dir='ltr'><strong>velit</strong></span> <span class='ocrx_word' id='word_1_299' title='bbox 871 3995 943 4054; x_wconf 88' lang='lat' dir='ltr'><strong>talia</strong></span> <span class='ocrx_word' id='word_1_300' title='bbox 966 3998 1130 4056; x_wconf 88' lang='lat' dir='ltr'><strong>enuntiata.</strong></span> <span class='ocrx_word' id='word_1_301' title='bbox 1174 3997 1252 4056; x_wconf 88' lang='lat' dir='ltr'><strong>Narn</strong></span> <span class='ocrx_word' id='word_1_302' title='bbox 1276 3998 1358 4079; x_wconf 91' lang='lat' dir='ltr'><strong>qnod</strong></span> <span class='ocrx_word' id='word_1_303' title='bbox 1381 4000 1440 4078; x_wconf 88' lang='lat' dir='ltr'><strong>pri·</strong></span> 
     </span>
    </p>
   </div>
   <div class='ocr_carea' id='block_1_3' title="bbox 184 4099 1440 4186">
    <p class='ocr_par' dir='ltr' id='par_1_4' title="bbox 184 4099 1440 4186">
     <span class='ocr_line' id='line_1_36' title="bbox 184 4099 1440 4186; baseline 0.004 -25"><span class='ocrx_word' id='word_1_304' title='bbox 184 4154 187 4162; x_wconf 88' lang='lat'>.</span> <span class='ocrx_word' id='word_1_305' title='bbox 295 4123 376 4162; x_wconf 89' lang='lat' dir='ltr'><strong>mum</strong></span> <span class='ocrx_word' id='word_1_306' title='bbox 400 4103 588 4163; x_wconf 90' lang='lat' dir='ltr'><strong>substantivo</strong></span> <span class='ocrx_word' id='word_1_307' title='bbox 618 4103 796 4184; x_wconf 84' lang='lat' dir='ltr'><strong>exprimitur</strong></span> <span class='ocrx_word' id='word_1_308' title='bbox 830 4099 993 4186; x_wconf 86' lang='lat' dir='ltr'><strong>(gloriae),</strong></span> <span class='ocrx_word' id='word_1_309' title='bbox 1025 4103 1056 4163; x_wconf 87' lang='lat' dir='ltr'><strong>id</strong></span> <span class='ocrx_word' id='word_1_310' title='bbox 1079 4106 1108 4163; x_wconf 90' lang='lat' dir='ltr'><strong>in</strong></span> <span class='ocrx_word' id='word_1_311' title='bbox 1131 4105 1268 4166; x_wconf 85' lang='lat' dir='ltr'><strong>membro</strong></span> <span class='ocrx_word' id='word_1_312' title='bbox 1290 4105 1370 4186; x_wconf 91' lang='lat' dir='ltr'><strong>quod</strong></span> <span class='ocrx_word' id='word_1_313' title='bbox 1394 4126 1440 4166; x_wconf 87' lang='lat' dir='ltr'><strong>ro·</strong></span> 
     </span>
    </p>
   </div>
   <div class='ocr_carea' id='block_1_4' title="bbox 295 4209 1440 4501">
    <p class='ocr_par' dir='ltr' id='par_1_5' title="bbox 295 4209 1440 4501">
     <span class='ocr_line' id='line_1_37' title="bbox 295 4209 1439 4294; baseline 0.006 -26"><span class='ocrx_word' id='word_1_314' title='bbox 295 4212 426 4291; x_wconf 91' lang='lat' dir='ltr'><strong>spondet</strong></span> <span class='ocrx_word' id='word_1_315' title='bbox 448 4211 630 4289; x_wconf 84' lang='lat' dir='ltr'><strong>adjectivum</strong></span> <span class='ocrx_word' id='word_1_316' title='bbox 653 4212 766 4272; x_wconf 85' lang='lat' dir='ltr'><strong>indicat</strong></span> <span class='ocrx_word' id='word_1_317' title='bbox 787 4209 995 4294; x_wconf 84' lang='lat' dir='ltr'><strong>(flagitiosae).</strong></span> <span class='ocrx_word' id='word_1_318' title='bbox 1025 4245 1064 4256; x_wconf 83' lang='lat'>-</span> <span class='ocrx_word' id='word_1_319' title='bbox 1104 4213 1179 4272; x_wconf 90' lang='lat' dir='ltr'><strong>Item</strong></span> <span class='ocrx_word' id='word_1_320' title='bbox 1214 4213 1294 4275; x_wconf 88' lang='lat' dir='ltr'><strong>Hist.</strong></span> <span class='ocrx_word' id='word_1_321' title='bbox 1317 4215 1357 4287; x_wconf 83' lang='lat' dir='ltr'><strong>Il,</strong></span> <span class='ocrx_word' id='word_1_322' title='bbox 1380 4216 1439 4276; x_wconf 82' lang='lat'><strong>95:</strong></span> 
     </span>
     <span class='ocr_line' id='line_1_38' title="bbox 295 4322 1440 4396; baseline 0.003 -18"><span class='ocrx_word' id='word_1_323' title='bbox 295 4341 379 4378; x_wconf 80' lang='lat' dir='ltr'><strong>arcum</strong></span> <span class='ocrx_word' id='word_1_324' title='bbox 401 4325 441 4376; x_wconf 77' lang='lat' dir='ltr'><strong>ud</strong></span> <span class='ocrx_word' id='word_1_325' title='bbox 458 4323 613 4393; x_wconf 79' lang='lat' dir='ltr'><strong>potentiam</strong></span> <span class='ocrx_word' id='word_1_326' title='bbox 633 4322 700 4380; x_wconf 81' lang='lat' dir='ltr'><strong>iter:</strong></span> <span class='ocrx_word' id='word_1_327' title='bbox 726 4324 898 4394; x_wconf 76' lang='lat' dir='ltr'><strong>prediqis</strong></span> <span class='ocrx_word' id='word_1_328' title='bbox 932 4324 1056 4395; x_wconf 81' lang='lat' dir='ltr'><strong>epulis</strong></span> <span class='ocrx_word' id='word_1_329' title='bbox 1085 4333 1110 4379; x_wconf 89' lang='lat' dir='ltr'><strong>ct</strong></span> <span class='ocrx_word' id='word_1_330' title='bbox 1141 4333 1284 4396; x_wconf 81' lang='lat' dir='ltr'><strong>sumptu</strong></span> <span class='ocrx_word' id='word_1_331' title='bbox 1311 4325 1440 4395; x_wconf 73' lang='lat' dir='ltr'><strong>pauea-</strong></span> 
     </span>
     <span class='ocr_line' id='line_1_39' title="bbox 295 4426 1439 4501; baseline 0.003 -16"><span class='ocrx_word' id='word_1_332' title='bbox 295 4449 359 4501; x_wconf 62' lang='grc' dir='ltr'><strong>με</strong></span> <span class='ocrx_word' id='word_1_333' title='bbox 380 4430 486 4486; x_wconf 82' lang='lat' dir='ltr'><strong>autiure</strong></span> <span class='ocrx_word' id='word_1_334' title='bbox 506 4430 681 4500; x_wconf 69' lang='lat' dir='ltr'><strong>receptabiles</strong></span> <span class='ocrx_word' id='word_1_335' title='bbox 710 4430 814 4486; x_wconf 76' lang='lat' dir='ltr'><strong>Vitellii</strong></span> <span class='ocrx_word' id='word_1_336' title='bbox 833 4431 969 4486; x_wconf 77' lang='lat' dir='ltr'><strong>libidairca.</strong></span> <span class='ocrx_word' id='word_1_337' title='bbox 1026 4426 1099 4486; x_wconf 84' lang='lat' dir='ltr'><strong>Nam</strong></span> <span class='ocrx_word' id='word_1_338' title='bbox 1129 4427 1226 4486; x_wconf 89' lang='lat' dir='ltr'><strong>ventri</strong></span> <span class='ocrx_word' id='word_1_339' title='bbox 1261 4435 1376 4488; x_wconf 87' lang='lat' dir='ltr'><strong>tantum</strong></span> <span class='ocrx_word' id='word_1_340' title='bbox 1409 4436 1439 4488; x_wconf 84' lang='lat' dir='ltr'><strong>et</strong></span> 
     </span>
    </p>
   </div>
   <div class='ocr_carea' id='block_1_5' title="bbox 0 0 1603 5270">
    <p class='ocr_par' dir='ltr' id='par_1_6' title="bbox 0 0 1603 5270">
     <span class='ocr_line' id='line_1_40' title="bbox 0 0 1603 5270; baseline 0 0"><span class='ocrx_word' id='word_1_341' title='bbox 0 0 1603 5270; x_wconf 95' lang='lat' dir='ltr'><strong> </strong></span> 
     </span>
    </p>
   </div>
  </div>
 </body>
</html>
