3196 5270
626 262 665 322 19

78 447 184 488 revera
208 447 275 486 eum
300 427 337 487 de
359 427 416 487 hoc
438 428 585 489 vocabulo
608 429 755 507 cogitasse
787 448 933 509 apparere
965 428 1083 489 videtur
1113 449 1152 490 ex
1182 449 1217 490 oo

78 533 158 615 quod
183 535 263 594 Hist.
286 533 311 608 1,
329 537 368 595 70
392 534 431 595 ad
454 535 548 596 verba
568 540 762 612 adaptamus
782 541 895 596 nuttam
925 535 1010 596 addit
1035 537 1217 616 epexegesim

77 641 177 701 illam:
208 662 320 715 provo
353 645 489 716 epiorum
516 664 629 718 cumea,
663 643 691 703 h.
714 662 740 704 e.
775 643 898 702 sarcinis
937 651 967 702 at
995 643 1218 724 impedimentis

80 755 253 820 oneratum,
285 748 390 828 quibus
420 749 538 810 liberati
568 757 653 809 eraut
676 750 818 830 expediti.
871 749 1012 832 Debsbat
1042 769 1115 811 vero
1144 751 1219 810 illud

81 854 209 924 addere,
242 856 312 936 quia
341 876 451 916 novum
481 857 572 936 plano
603 856 780 917 vocabulum
812 857 841 915 in
874 855 1005 916 medium
1038 855 1219 937 proterebat,

82 981 134 1042 quo
158 961 234 1042 quid
255 960 438 1024 inditaretur
460 964 593 1044 alioquin
613 983 673 1024 nou
694 962 912 1036 intellexissent
928 963 1063 1036 lectores,
1085 981 1221 1042 praeser-

82 1071 130 1128 tim
153 1089 265 1150 quum,
302 1078 335 1129 ut
358 1069 441 1146 dixi,
476 1073 586 1134 milites
614 1071 666 1153 qui
695 1067 750 1128 sub
780 1067 873 1144 cignis
903 1087 969 1128 esse
992 1068 1167 1129 dicebantur
1190 1077 1221 1128 et

81 1176 262 1254 legionarios
277 1178 544 1257 complecterentur
566 1188 596 1239 et
618 1175 789 1237 auxiliares.
832 1175 972 1256 Denique
988 1175 1131 1255 probatur
1146 1175 1220 1236 haec

80 1291 183 1343 nostra
206 1286 353 1344 sententia
376 1285 425 1346 vel
454 1288 583 1346 maxime
616 1303 651 1346 eo
684 1281 764 1364 quod
798 1281 877 1362 apud
908 1302 1000 1342 unum
1028 1281 1218 1342 Ammiannm

81 1391 135 1450 hoo
157 1390 343 1451 vocabulum.
373 1393 465 1454 semel
498 1394 665 1465 iuvenitur,
698 1399 728 1452 at
762 1409 850 1450 sensu
883 1391 1040 1450 contrario.
1094 1391 1173 1472 Nam
1195 1387 1220 1450 si

80 1517 177 1578 aequa
199 1499 231 1557 vi
252 1498 284 1558 id
306 1509 500 1580 usurpasset,
523 1509 586 1560 tum
609 1518 725 1578 semper
743 1499 874 1574 cogitare
890 1497 994 1557 liceret
1008 1498 1098 1557 talem
1115 1515 1220 1558 revera
1295 1474 1300 1484 ¹

80 1605 110 1664 iu
131 1624 166 1665 re
189 1604 311 1664 militari
334 1609 485 1669 exstitisse
507 1607 764 1686 significationem.
818 1602 929 1664 Contra
951 1625 1029 1665 nuuc
1052 1604 1081 1664 id
1105 1612 1219 1664 tautum

82 1711 200 1783 elucet,
224 1710 416 1775 Ammianum
446 1714 545 1774 Taciti
576 1731 669 1794 opera
697 1713 825 1790 legisse,
855 1711 1092 1791 vocabulumque
1123 1731 1162 1775 aa
1183 1730 1221 1771 eo

81 1817 302 1900 adsumpsisse,
325 1821 405 1902 quod
429 1830 495 1884 cum
516 1823 548 1882 in
570 1832 653 1884 certo
676 1841 732 1881 usu
755 1839 815 1880 nou
837 1827 931 1894 esset,
963 1818 1003 1878 ad
1034 1838 1119 1879 suum
1142 1818 1220 1878 arbi·

79 1927 170 2022 trium
192 1927 315 1988 flectere
336 1939 448 2009 posset.

166 2053 214 2114 Ac
236 2073 275 2115 ue
296 2054 369 2117 illud
391 2057 513 2139 quidem
534 2077 554 2118 a
574 2055 673 2118 Taciti
701 2074 757 2116 usu
784 2055 913 2115 alienum
936 2062 997 2130 eat,
1029 2053 1110 2136 quod
1138 2055 1220 2114 notio

84 2179 158 2243 quae
181 2169 301 2242 tempus
325 2164 373 2223 vel
400 2165 497 2226 locum
526 2164 666 2244 designat
699 2183 765 2224 curn
798 2164 899 2244 aliqua
928 2164 1116 2242 componitur
1144 2181 1222 2243 quae

83 2269 255 2352 qualitatem
280 2270 430 2351 quandam
452 2270 608 2350 significat.
660 2269 741 2330 Anu.
763 2270 786 2344 1,
810 2269 869 2332 55:
903 2274 1029 2344 monam)
1049 2274 1129 2330 initio
1149 2273 1222 2329 ears

87 2380 270 2454 caepasios
290 2380 320 2436 ria
339 2381 449 2438 Cltuttos
469 2399 584 2438 cumaeo
601 2381 752 2454 praecepit.
809 2378 887 2438 Hist.
910 2379 934 2451 Ι,
960 2379 1014 2437 74:
1048 2382 1159 2437 crebros
1179 2380 1221 2435 ia·

84 2487 157 2542 terr'm
177 2493 204 2544 cl
225 2486 401 2547 muliebribus
428 2491 622 2546 blanditueatrs
652 2490 772 2561 injectae
805 2490 840 2544 ob
870 2490 973 2544 Othoros
1009 2489 1049 2544 ad
1084 2486 1222 2543 Vitellium
1312 2535 1317 2546 ,

83 2594 221 2665 epotetur.
245 2621 286 2632 -
311 2590 391 2655 Hist.
413 2592 468 2673 ΙΙΙ,
491 2595 552 2654 3οε
579 2597 742 2669 propinqua
771 2596 858 2650 masia
889 2603 961 2651 tectu
993 2603 1018 2651 at
1048 2594 1222 2650 aditrada'aom

80 2701 216 2758 moenium
236 2717 346 2772 opressa
362 2695 398 2773 1).
442 2700 538 2760 Porro
560 2700 781 2778 conjunguntur
803 2699 863 2759 duo
893 2699 1062 2772 enuntiata,
1096 2717 1222 2778 quorum

80 2805 209 2865 alterum
231 2805 314 2884 prius
338 2805 466 2866 alterum
496 2806 644 2886 posterius
674 2801 788 2868 indicat
817 2815 945 2886 tempus.
998 2806 1078 2866 Anu.
1109 2804 1135 2877 I,
1165 2804 1221 2863 29:

80 2922 142 2972 orto
165 2913 212 2968 dic
232 2921 256 2968 ct
277 2921 377 2970 nocato
398 2916 526 2984 ooatwaa.
570 2911 639 2985 III,
676 2913 734 2972 11:
768 2931 815 2970 sco
840 2922 976 2986 patronos
1000 2916 1105 2987 petasati
1135 2915 1224 2985 iisque

81 3023 197 3078 diuersa
217 3023 406 3078 accusantibus
427 3023 478 3078 M!
500 3023 626 3094 Lepidus
647 3030 673 3078 ct
693 3022 726 3077 L.
743 3021 811 3078 Piso
831 3030 857 3077 at
877 3023 1020 3079 Liuineius
1033 3023 1157 3094 Repulsus
1172 3023 1223 3076 cd·

81 3129 167 3195 fitero.
214 3124 293 3186 Anu.
316 3125 409 3201 XIII,
434 3129 492 3187 21:
522 3131 563 3186 ss'o
590 3131 673 3187 leac'to
694 3129 834 3210 pmacolsis
859 3139 931 3186 mma
959 3140 985 3186 at
1006 3133 1065 3187 loca
1084 3139 1147 3187 orta
1167 3131 1224 3184 itur

57 3219 121 3290 'od
150 3236 340 3309 Aqrr'ppiaum
357 3228 392 3315 2).
448 3233 515 3310 Quo
546 3234 634 3293 etiam
669 3230 743 3291 illud
774 3232 905 3311 pertinet
938 3235 1113 3314 saepissime
1143 3230 1223 3313 apud

81 3338 221 3399 Tacitum
252 3340 373 3401 obvium
401 3338 482 3421 quod
504 3339 627 3400 ablativi
650 3339 778 3400 absoluti
806 3341 951 3420 particula
980 3343 1152 3422 copulativa
1172 3341 1225 3402 ad-

84 3453 241 3507 nectuntur
263 3447 406 3509 adalind
430 3447 581 3530 quoddam
605 3446 787 3510 attributum.
841 3448 922 3508 Anu.
946 3447 1036 3523 XIII,
1062 3449 1119 3508 20:
1154 3469 1224 3508 oom-

85 3601 366 3617 w

151 3702 176 3771 1)
202 3701 253 3753 Non
272 3678 385 3751 remotum
404 3699 494 3750 videtur
520 3700 563 3751 hoo
588 3702 637 3751 loco
656 3700 780 3763 adnotare,
806 3701 908 3752 Tacitum
927 3701 1061 3765 aliquando,
1082 3709 1107 3751 ut
1125 3701 1223 3751 videtur*

78 3799 155 3863 paullo
174 3793 300 3860 qucesltlus
320 3794 427 3844 vocabula
448 3809 517 3859 quum
535 3795 690 3845 diversissima
715 3795 861 3857 conjungere,
886 3783 1010 3845 dummddo
1036 3795 1065 3845 ad
1083 3807 1151 3843 unam
1170 3808 1226 3843 auu-

79 3889 178 3953 damqus
197 3902 247 3938 rem
266 3893 377 3951 spactant.
414 3886 474 3935 Anu.
493 3887 522 3948 ΙΙ,
542 3885 573 3937 9:
592 3896 648 3939 erat
661 3887 684 3938 is
698 3886 727 3937 ta
746 3887 858 3938 πονοῦν
881 3895 1044 3955 coprromeato
1063 3885 1166 3944 Floras,
1185 3885 1225 3936 ia-

78 3979 159 4047 ss'qrris
177 3979 227 4046 fide
245 3986 268 4029 et
286 3977 378 4029 amisso
395 3995 442 4047 per
459 3977 548 4030 oolam
566 3979 646 4031 oculo.
684 3981 702 4041 l,
722 3978 770 4030 682
800 3980 878 4031 duaco
895 3980 938 4030 ira
956 3987 980 4029 ct
1002 3978 1055 4029 dies
1076 3977 1225 4045 permansit·

80 4071 135 4133 lllV,
154 4070 204 4121 61:
221 4069 347 4138 palatium
365 4069 522 4122 multitudiue
540 4080 564 4122 et
581 4072 733 4124 clamoribus
751 4072 917 4140 complebant.
954 4070 1012 4121 llist.
1026 4071 1072 4134 ΙΙΙ,
1085 4068 1133 4120 22:
1153 4068 1225 4120 ordi-

80 4179 137 4213 nem
155 4162 267 4232 apiniacis
285 4161 383 4226 disjecti
399 4179 446 4229 por
463 4163 531 4213 iram
550 4180 583 4214 uo
601 4165 716 4216 umbras
737 4164 888 4216 adseverare
906 4180 957 4216 noa
976 4163 1067 4216 uarias
1104 4163 1157 4224 Agr.
1176 4160 1225 4211 37:

76 4256 138 4320 fiais
156 4254 277 4322 sequendi
296 4272 348 4305 aaa
366 4263 389 4304 et
406 4255 510 4306 satietur
526 4257 585 4321 fait.
624 4257 673 4308 Ilia
690 4256 779 4319 collegit
799 4255 971 4319 Bocttichems‚
992 4257 1033 4308 lan
1053 4256 1106 4307 Tac.
1123 4255 1225 4321 prolcgg.

77 4361 129 4411 pag.
152 4346 193 4408 78,
214 4346 255 4396 sed
274 4361 354 4410 pamm
374 4353 438 4398 cauta
456 4354 517 4398 recta
537 4349 593 4399 salsa
614 4349 711 4401 miscuit.

153 4436 184 4504 2)
203 4439 233 4491 cl.
252 4438 360 4504 Nipperd.
378 4439 406 4488 ad
424 4441 483 4492 lun.
502 4442 521 4504 Ι,
539 4441 581 4491 55.
