3188 5252
845 312 907 373 140

307 492 405 550 miuus
428 497 528 550 eutem
551 489 582 546 in
605 486 714 548 duritia
736 485 825 564 hujus
847 485 930 546 *haud
952 504 1021 546 raro
1044 486 1237 560 offendimus,
1269 488 1454 565 praesertim

307 601 332 659 si
355 598 528 677 adjunctum
552 597 738 658 enuntiatum
761 614 815 654 suo
839 595 933 674 ipsius
956 594 1050 654 verbo
1072 597 1186 672 regitur
1197 592 1232 672 1).
1285 595 1454 655 Rationem

307 729 345 768 ex
368 727 428 788 qua
450 708 479 766 iu
503 704 651 783 ejusmodi
682 705 840 764 sententiis
872 703 963 765 modo
990 725 1041 779 que
1070 703 1162 764 modo
1192 725 1225 764 ue
1254 712 1384 782 ponatur
1408 704 1455 764 ed

307 818 429 896 regulas
460 816 642 892 restringere
678 823 803 874 conatus
837 823 882 874 est
916 813 1087 892 Wagnerns
1120 816 1150 872 in
1186 821 1315 893 quaestt.
1352 815 1452 890 Verg.

309 944 377 1004 pag.
402 925 464 984 573
488 940 572 1002 seqq.
1087 919 1090 926 '

393 1031 568 1110 Significant
590 1031 680 1107 igitur
702 1037 781 1109 part.
799 1030 897 1108 copul.
909 1031 1107 1090 arctissimum
1118 1033 1344 1109 conjunctorum
1354 1051 1451 1092 mem-

307 1142 427 1202 brorum
450 1160 576 1216 uexum;
599 1158 658 1220 quo
681 1138 714 1198 fit
736 1147 770 1199 ut
792 1147 944 1219 ponantur
966 1142 1044 1199 inter
1057 1142 1193 1199 notiones
1205 1159 1282 1220 quae
1303 1142 1450 1202 interiore

307 1250 438 1331 quedam
466 1249 584 1308 rationo
613 1246 781 1307 cohaerent.
837 1248 911 1326 Agr.
943 1252 977 1308 1:
1007 1271 1056 1308 nce
1082 1253 1114 1307 td
1143 1253 1251 1309 Rutilio
1284 1261 1309 1308 et
1337 1253 1451 1310 Securo

307 1363 380 1418 citra
405 1364 495 1431 fidem
528 1368 577 1414 em
605 1358 795 1415 nasamone·
819 1359 890 1429 fud,
924 1354 975 1414 nbi
997 1355 1123 1415 Wexius
1157 1355 1231 1414 scite
1261 1354 1345 1414 dicit:
1377 1367 1450 1416 sunt

306 1481 398 1528 unum
427 1485 484 1546 par
516 1484 555 1524 ex
587 1464 693 1525 eodem
714 1483 835 1542 genere.
888 1464 968 1525 Anu.
990 1465 1034 1546 II,
1060 1467 1115 1524 10:
1146 1485 1233 1539 nepte
1259 1470 1400 1539 eonjupem
1421 1479 1451 1525 et

302 1579 397 1651 filium
418 1579 477 1647 ey'ue
497 1577 632 1633 loetaliter
653 1577 755 1633 heberi
801 1568 850 1647 lll,
874 1573 930 1633 25:
953 1595 1002 1632 nee
1023 1577 1087 1632 ideo
1108 1577 1237 1646 conjugia
1259 1585 1284 1632 et
1305 1579 1449 1634 educatio-

306 1705 354 1742 nes
374 1687 489 1742 liberum
510 1685 766 1757 frequentabantur.
813 1679 916 1740 Germ.
941 1681 996 1740 19:
1031 1703 1108 1742 nemo
1136 1686 1206 1740 enim
1227 1685 1287 1739 e'lle'c
1315 1687 1386 1740 cute
1408 1687 1449 1741 re'-

307 1794 362 1870 det,
382 1809 432 1848 nec
454 1810 628 1864 corrumpere
648 1801 675 1848 et
695 1794 838 1866 commupe'
857 1794 976 1848 seculum
997 1800 1118 1848 uocetur.
1164 1787 1237 1866 Agr.
1258 1791 1298 1849 29
1321 1791 1448 1863 sentias,

308 1896 380 1977 qnid
402 1897 481 1955 iuter
504 1896 716 1975 disjunctivam
741 1907 771 1957 ot
788 1881 991 1977 copulativam
1003 1904 1080 1976 part.
1104 1897 1235 1957 intersit:
1258 1919 1336 1973 quem
1350 1921 1450 1960 casnm

307 2026 393 2080 neque
414 2016 445 2062 ut
463 2008 592 2080 plerique
612 2010 727 2076 fortium
756 2010 879 2065 uirorum
903 2008 1042 2064 mnemon
1062 2025 1148 2080 nequee
1165 2025 1220 2080 per
1240 2010 1361 2064 inruente
1381 2029 1449 2066 rner-

306 2135 353 2170 sus
376 2131 409 2170 ee
429 2131 578 2170 moerorem
600 2115 768 2170 mutiebn'ter
789 2116 869 2186 tutet,-
906 2111 1018 2190 optime
1047 2111 1124 2170 enim
1154 2111 1302 2172 vocabula
1323 2119 1451 2174 tumenta

308 2225 338 2278 st
359 2239 508 2278 monerem
529 2235 584 2297 per
606 2230 655 2276 eut
676 2221 810 2298 separari
828 2226 985 2298 poterant,
1018 2220 1130 2300 quippe
1151 2239 1217 2280 cum
1239 2220 1372 2281 lamenta
1395 2241 1448 2298 ge-

307 2327 382 2386 mitu
404 2335 434 2388 et
455 2327 584 2386 lacrimis
607 2344 674 2386 sese
697 2327 842 2405 aperiunt,
879 2345 1016 2387 moerens
1039 2333 1139 2387 autem
1161 2347 1227 2386 cum
1251 2329 1370 2389 silentio
1394 2329 1449 2390 do-

306 2437 377 2497 leat.
435 2436 552 2496 Tamen
584 2455 622 2498 ns
652 2458 686 2496 oc
708 2434 828 2517 quidem
856 2435 966 2498 falsum
996 2443 1058 2513 est,
1093 2435 1175 2517 quod
1206 2435 1280 2496 duas
1307 2439 1448 2500 notiones

307 2561 396 2625 quam
418 2543 584 2602 arctissime
606 2539 722 2621 colligit
745 2542 930 2623 opponitque
952 2541 1112 2602 vocabulo:
1136 2546 1284 2604 ambitiose.
1315 2542 1447 2605 Omnino

311 2651 405 2712 verba
427 2635 519 2710 sensu
540 2651 664 2733 similia,
687 2671 765 2733 quae
789 2651 844 2713 sibi
866 2653 992 2712 invicem
1015 2651 1130 2732 aliquid
1153 2651 1354 2731 supplementi
1375 2653 1447 2713 affe·

306 2768 390 2833 runt,
423 2759 603 2840 plerumque
630 2761 778 2839 particula
810 2781 876 2840 cop.
906 2762 1135 2840 conjunguntur.
1179 2759 1260 2822 Hist.
1287 2760 1356 2836 IlI‚·
1387 2763 1444 2822 82:

306 2874 381 2930 ratio
402 2874 560 2945 enumerent,
582 2891 617 2929 ne
639 2882 785 2946 asperatus
804 2875 917 2946 praelio
938 2874 1016 2929 miles
1045 2892 1100 2930 non
1116 2875 1232 2946 populo,
1253 2892 1308 2930 non
1329 2878 1446 2950 senumi,

306 3001 340 3038 ne
361 2982 469 3053 templis
492 2982 602 3053 quietem
624 2998 658 3036 ue
689 2982 811 3038 Medma
839 2984 952 3039 denum
982 2983 1141 3038 consederet.
1201 2978 1281 3037 Hist.
1304 2978 1367 3054 IV,
1392 2983 1445 3042 58:

306 3090 391 3146 ecum
410 3106 452 3144 me
471 3091 558 3160 prestet
579 3090 747 3160 miseretque,
771 3092 905 3145 Mammas
928 3108 996 3162 quos
1017 3109 1072 3146 non
1089 3090 1231 3162 praelium
1252 3099 1277 3145 et
1299 3091 1374 3146 acies
1392 3110 1447 3164 pe·

306 3207 412 3255 rentur.
469 3193 659 3274 Quamquam
681 3196 712 3254 in
734 3193 843 3256 talibus
866 3195 956 3256 rebus
978 3197 1090 3275 primas
1117 3202 1219 3275 partes
1243 3196 1305 3273 egit
1327 3214 1447 3275 semper
1481 3243 1490 3266 .

308 3303 464 3365 arbitrium
487 3303 657 3387 scriptoris,
694 3312 727 3364 ut
749 3304 857 3365 edocet
879 3298 956 3364 Anu.
979 3304 1045 3378 ΠΙ,
1069 3305 1125 3364 39:
1158 3324 1244 3380 neque
1272 3309 1359 3363 onem
1382 3319 1447 3365 cut

303 3417 443 3488 proelium
464 3415 523 3471 diei
543 3416 681 3487 decuerit,
715 3416 745 3472 in
777 3434 831 3488 qno
852 3417 978 3472 semermi
1009 3435 1043 3471 eo
1061 3417 1193 3487 palantes
1221 3416 1356 3471 trucidati
1384 3427 1447 3473 arum

306 3527 366 3581 eme
386 3534 479 3581 nostro
499 3525 650 3596 sanquine3
671 3540 733 3580 non
755 3541 822 3582 sese
845 3521 1010 3581 excludunt
1031 3525 1166 3596 proelium
1188 3529 1279 3602 atque
1296 3526 1369 3582 ecies
1391 3522 1446 3584 sed

308 3627 550 3707 conjunctissima
571 3637 649 3688 suut.
694 3626 756 3688 Sed
777 3649 897 3703 caussa,
934 3649 994 3709 qua
1016 3637 1169 3708 permotus
1200 3630 1327 3709 scriptor
1347 3633 1448 3709 posuit

308 3749 365 3811 aut,
386 3736 457 3796 mihi
478 3734 599 3796 videtur
621 3736 730 3817 fuisse,
762 3736 842 3817 quod
872 3737 960 3796 iniis
981 3757 1059 3817 quae
1086 3745 1253 3818 sequuntur
1276 3737 1334 3797 duo
1357 3757 1447 3797 voea-

307 3845 386 3919 bula,
410 3865 487 3926 quae
509 3844 702 3924 respondent,
724 3865 779 3926 per
801 3867 835 3905 ee
858 3865 994 3905 connexa
1016 3853 1086 3906 sunt
1108 3847 1313 3926 (semermi—
1335 3847 1447 3923 aciem,

307 3955 446 4033 palantes
469 3985 511 3997 -
532 3952 705 4031 proelium).
757 3955 843 4014 Haec
872 3956 998 4014 variatio
1028 3954 1110 4034 apud
1132 3953 1207 4014 Tac.
1227 3956 1267 4014 ,in
1287 3964 1446 4014 consuetu·

309 4062 408 4124 dinem
431 4083 463 4124 ss
486 4064 587 4145 vertit,
610 4071 644 4123 ut
666 4082 702 4122 ea
725 4072 826 4123 utatur
848 4063 1017 4143 ubicunque
1039 4064 1104 4124 fieri
1126 4058 1243 4143 licent).
1262 4097 1304 4106 —
1327 4061 1448 4124 Deinde

383 4285 408 4352 1)
428 4286 462 4336 Cl.
481 4284 681 4349 locos,imp1imis
703 4299 716 4334 e
735 4285 833 4344 Lucano,
853 4299 910 4347 quos
930 4282 1020 4344 collegit
1040 4283 1143 4332 llsaseus
1162 4282 1190 4332 ad
1204 4281 1294 4344 Reisigii
1312 4281 1382 4331 schol.
1401 4281 1442 4331 let.

309 4379 362 4430 adu.
381 4378 441 4428 413.

380 4469 411 4540 2)
428 4471 559 4524 Accurutius
578 4473 607 4524 de
628 4473 670 4524 hec
687 4487 713 4524 re
729 4472 895 4536 dimmahimus
914 4471 958 4524 suh
979 4479 1030 4524 eut.
1050 4495 1084 4506 -
1168 4451 1172 4458 ⁵
