<?xml version="1.0" encoding="UTF-8"?>
<!DOCTYPE html PUBLIC "-//W3C//DTD XHTML 1.0 Transitional//EN"
    "http://www.w3.org/TR/xhtml1/DTD/xhtml1-transitional.dtd">
<html xmlns="http://www.w3.org/1999/xhtml" xml:lang="en" lang="en">
 <head>
  <title>
</title>
<meta http-equiv="Content-Type" content="text/html;charset=utf-8" />
  <meta name='ocr-system' content='tesseract 3.04.00' />
  <meta name='ocr-capabilities' content='ocr_page ocr_carea ocr_par ocr_line ocrx_word'/>
</head>
<body>
  <div class='ocr_page' id='page_1' title='image "./detacitiincompo00spitgoog_0025.png"; bbox 0 0 3196 5270; ppageno 0'>
   <div class='ocr_carea' id='block_1_1' title="bbox 864 299 905 358">
    <p class='ocr_par' dir='ltr' id='par_1_1' title="bbox 864 299 905 358">
     <span class='ocr_line' id='line_1_1' title="bbox 864 299 905 358; baseline 0 0"><span class='ocrx_word' id='word_1_1' title='bbox 864 299 905 358; x_wconf 99' lang='lat'><strong>14</strong></span> 
     </span>
    </p>
   </div>
   <div class='ocr_carea' id='block_1_2' title="bbox 312 451 1447 979">
    <p class='ocr_par' dir='ltr' id='par_1_2' title="bbox 312 451 1447 867">
     <span class='ocr_line' id='line_1_2' title="bbox 314 451 1445 546; baseline -0.005 -15"><span class='ocrx_word' id='word_1_2' title='bbox 314 451 404 531; x_wconf 75' lang='lat' dir='ltr'><strong>cubem</strong></span> <span class='ocrx_word' id='word_1_3' title='bbox 424 469 594 546; x_wconf 66' lang='lat' dir='ltr'><strong>captiuitotn</strong></span> <span class='ocrx_word' id='word_1_4' title='bbox 613 473 750 546; x_wconf 61' lang='lat' dir='ltr'><strong>moueret,</strong></span> <span class='ocrx_word' id='word_1_5' title='bbox 772 474 988 543; x_wconf 76' lang='lat' dir='ltr'><strong>infamiamnon</strong></span> <span class='ocrx_word' id='word_1_6' title='bbox 1007 474 1113 530; x_wconf 80' lang='lat' dir='ltr'><strong>uitauit.</strong></span> <span class='ocrx_word' id='word_1_7' title='bbox 1158 470 1240 532; x_wconf 85' lang='lat' dir='ltr'><strong>Anu.</strong></span> <span class='ocrx_word' id='word_1_8' title='bbox 1253 469 1277 544; x_wconf 83' lang='grc' dir='ltr'><strong>Ι,</strong></span> <span class='ocrx_word' id='word_1_9' title='bbox 1293 471 1358 530; x_wconf 82' lang='lat' dir='ltr'><strong>ee:</strong></span> <span class='ocrx_word' id='word_1_10' title='bbox 1379 471 1445 526; x_wconf 84' lang='lat' dir='ltr'><strong>inde</strong></span> 
     </span>
     <span class='ocr_line' id='line_1_3' title="bbox 314 575 1445 652; baseline -0.004 -14"><span class='ocrx_word' id='word_1_11' title='bbox 314 583 433 638; x_wconf 65' lang='lat' dir='ltr'><strong>lmrtdm</strong></span> <span class='ocrx_word' id='word_1_12' title='bbox 452 580 548 652; x_wconf 60' lang='lat' dir='ltr'><strong>terror)</strong></span> <span class='ocrx_word' id='word_1_13' title='bbox 564 580 677 651; x_wconf 81' lang='lat' dir='ltr'><strong>fiducie</strong></span> <span class='ocrx_word' id='word_1_14' title='bbox 696 581 796 650; x_wconf 80' lang='lat' dir='ltr'><strong>militi,-</strong></span> <span class='ocrx_word' id='word_1_15' title='bbox 816 587 855 638; x_wconf 91' lang='lat' dir='ltr'><strong>et</strong></span> <span class='ocrx_word' id='word_1_16' title='bbox 875 582 1000 636; x_wconf 64' lang='lat' dir='ltr'><strong>muudus</strong></span> <span class='ocrx_word' id='word_1_17' title='bbox 1022 581 1117 652; x_wconf 61' lang='lat' dir='ltr'><strong>aequae</strong></span> <span class='ocrx_word' id='word_1_18' title='bbox 1138 581 1296 636; x_wconf 76' lang='lat' dir='ltr'><strong>adcomnun.</strong></span> <span class='ocrx_word' id='word_1_19' title='bbox 1319 575 1445 648; x_wconf 84' lang='lat' dir='ltr'><strong>1V,3e:</strong></span> 
     </span>
     <span class='ocr_line' id='line_1_4' title="bbox 314 683 1447 760; baseline -0.004 -15"><span class='ocrx_word' id='word_1_20' title='bbox 314 691 419 760; x_wconf 75' lang='lat' dir='ltr'><strong>oojemo</strong></span> <span class='ocrx_word' id='word_1_21' title='bbox 435 688 546 759; x_wconf 82' lang='lat' dir='ltr'><strong>publice</strong></span> <span class='ocrx_word' id='word_1_22' title='bbox 568 686 703 758; x_wconf 76' lang='lat' dir='ltr'><strong>Oyaioeuic</strong></span> <span class='ocrx_word' id='word_1_23' title='bbox 723 688 833 742; x_wconf 76' lang='lat' dir='ltr'><strong>incuria</strong></span> <span class='ocrx_word' id='word_1_24' title='bbox 854 687 1084 743; x_wconf 73' lang='lat' dir='ltr'><strong><em>caerimoniarum</em></strong></span> <span class='ocrx_word' id='word_1_25' title='bbox 1104 687 1166 742; x_wconf 71' lang='lat' dir='ltr'><strong>decr·</strong></span> <span class='ocrx_word' id='word_1_26' title='bbox 1183 687 1316 759; x_wconf 73' lang='lat' dir='ltr'><strong>Aoprrcti,</strong></span> <span class='ocrx_word' id='word_1_27' title='bbox 1338 683 1447 740; x_wconf 80' lang='lat' dir='ltr'><strong>additis</strong></span> 
     </span>
     <span class='ocr_line' id='line_1_5' title="bbox 312 795 1446 867; baseline -0.004 -15"><span class='ocrx_word' id='word_1_28' title='bbox 312 796 460 852; x_wconf 67' lang='lat' dir='ltr'><strong>neemiae</strong></span> <span class='ocrx_word' id='word_1_29' title='bbox 469 795 627 850; x_wconf 62' lang='lat' dir='ltr'><strong>cumeum</strong></span> <span class='ocrx_word' id='word_1_30' title='bbox 643 797 790 850; x_wconf 72' lang='lat' dir='ltr'><strong>adversare</strong></span> <span class='ocrx_word' id='word_1_31' title='bbox 804 795 875 850; x_wconf 80' lang='lat' dir='ltr'><strong>cicer</strong></span> <span class='ocrx_word' id='word_1_32' title='bbox 889 797 1038 867; x_wconf 76' lang='lat' dir='ltr'><strong>Romanor,</strong></span> <span class='ocrx_word' id='word_1_33' title='bbox 1060 798 1097 852; x_wconf 84' lang='lat' dir='ltr'><strong>et</strong></span> <span class='ocrx_word' id='word_1_34' title='bbox 1110 796 1225 851; x_wconf 65' lang='lat' dir='ltr'><strong>conum</strong></span> <span class='ocrx_word' id='word_1_35' title='bbox 1235 795 1394 850; x_wconf 73' lang='lat' dir='ltr'><strong>libemutem.</strong></span> <span class='ocrx_word' id='word_1_36' title='bbox 1403 807 1446 836; x_wconf 73' lang='grc' dir='ltr'><strong>ι·-</strong></span> 
     </span>
    </p>

    <p class='ocr_par' dir='ltr' id='par_1_3' title="bbox 335 897 1442 979">
     <span class='ocr_line' id='line_1_6' title="bbox 335 897 1442 979; baseline -0.006 -19"><span class='ocrx_word' id='word_1_37' title='bbox 335 953 353 960; x_wconf 73' lang='grc'><strong>,,</strong></span> <span class='ocrx_word' id='word_1_38' title='bbox 401 897 575 979; x_wconf 78' lang='lat' dir='ltr'><strong>Sequuntur</strong></span> <span class='ocrx_word' id='word_1_39' title='bbox 596 897 733 975; x_wconf 76' lang='lat' dir='ltr'><strong>singulae</strong></span> <span class='ocrx_word' id='word_1_40' title='bbox 752 898 900 960; x_wconf 84' lang='lat' dir='ltr'><strong>notiones.</strong></span> <span class='ocrx_word' id='word_1_41' title='bbox 929 897 1030 958; x_wconf 84' lang='lat' dir='ltr'><strong>Germ.</strong></span> <span class='ocrx_word' id='word_1_42' title='bbox 1040 899 1100 956; x_wconf 84' lang='lat'><strong>44:</strong></span> <span class='ocrx_word' id='word_1_43' title='bbox 1126 903 1260 972; x_wconf 79' lang='lat' dir='ltr'><strong>soletum,</strong></span> <span class='ocrx_word' id='word_1_44' title='bbox 1281 909 1312 956; x_wconf 81' lang='lat' dir='ltr'><strong>ut</strong></span> <span class='ocrx_word' id='word_1_45' title='bbox 1328 901 1360 955; x_wconf 77' lang='lat' dir='ltr'><strong>iu</strong></span> <span class='ocrx_word' id='word_1_46' title='bbox 1380 899 1442 970; x_wconf 76' lang='lat' dir='ltr'><strong>qoi-</strong></span> 
     </span>
    </p>
   </div>
   <div class='ocr_carea' id='block_1_3' title="bbox 313 1009 1562 1081">
    <p class='ocr_par' dir='ltr' id='par_1_4' title="bbox 313 1009 1562 1081">
     <span class='ocr_line' id='line_1_7' title="bbox 313 1009 1562 1081; baseline 0.001 -16"><span class='ocrx_word' id='word_1_47' title='bbox 313 1011 431 1066; x_wconf 77' lang='lat' dir='ltr'><strong>busdum</strong></span> <span class='ocrx_word' id='word_1_48' title='bbox 446 1010 600 1081; x_wconf 76' lang='lat' dir='ltr'><strong>fluminum,</strong></span> <span class='ocrx_word' id='word_1_49' title='bbox 622 1013 660 1065; x_wconf 91' lang='lat' dir='ltr'><strong>et</strong></span> <span class='ocrx_word' id='word_1_50' title='bbox 679 1009 809 1065; x_wconf 77' lang='lat' dir='ltr'><strong>mrstobale</strong></span> <span class='ocrx_word' id='word_1_51' title='bbox 829 1017 860 1064; x_wconf 82' lang='lat' dir='ltr'><strong>ut</strong></span> <span class='ocrx_word' id='word_1_52' title='bbox 878 1027 922 1064; x_wconf 81' lang='lat' dir='ltr'><strong>rec</strong></span> <span class='ocrx_word' id='word_1_53' title='bbox 939 1009 1030 1080; x_wconf 74' lang='lat' dir='ltr'><strong>poscit</strong></span> <span class='ocrx_word' id='word_1_54' title='bbox 1050 1009 1114 1064; x_wconf 79' lang='lat' dir='ltr'><strong>binc</strong></span> <span class='ocrx_word' id='word_1_55' title='bbox 1133 1009 1178 1066; x_wconf 84' lang='lat' dir='ltr'><strong>cel</strong></span> <span class='ocrx_word' id='word_1_56' title='bbox 1195 1010 1274 1065; x_wconf 75' lang='lat' dir='ltr'><strong>:ilino</strong></span> <span class='ocrx_word' id='word_1_57' title='bbox 1285 1009 1445 1078; x_wconf 73' lang='lat' dir='ltr'><strong>remipium3</strong></span> <span class='ocrx_word' id='word_1_58' title='bbox 1559 1060 1562 1066; x_wconf 93' lang='lat'>.</span> 
     </span>
    </p>
   </div>
   <div class='ocr_carea' id='block_1_4' title="bbox 279 1113 1448 3776">
    <p class='ocr_par' dir='ltr' id='par_1_5' title="bbox 279 1113 1448 3776">
     <span class='ocr_line' id='line_1_8' title="bbox 315 1113 1448 1195; baseline -0.003 -22"><span class='ocrx_word' id='word_1_59' title='bbox 315 1127 341 1173; x_wconf 86' lang='lat' dir='ltr'><strong>et</strong></span> <span class='ocrx_word' id='word_1_60' title='bbox 361 1114 493 1195; x_wconf 87' lang='lat' dir='ltr'><strong>positum</strong></span> <span class='ocrx_word' id='word_1_61' title='bbox 516 1122 561 1175; x_wconf 90' lang='lat' dir='ltr'><strong>est</strong></span> <span class='ocrx_word' id='word_1_62' title='bbox 585 1122 758 1193; x_wconf 85' lang='lat' dir='ltr'><strong>tamquam:</strong></span> <span class='ocrx_word' id='word_1_63' title='bbox 788 1121 818 1174; x_wconf 90' lang='lat' dir='ltr'><strong>et</strong></span> <span class='ocrx_word' id='word_1_64' title='bbox 846 1113 883 1174; x_wconf 92' lang='lat' dir='ltr'><strong>de</strong></span> <span class='ocrx_word' id='word_1_65' title='bbox 904 1133 940 1174; x_wconf 84' lang='lat' dir='ltr'><strong>ee</strong></span> <span class='ocrx_word' id='word_1_66' title='bbox 962 1133 1076 1174; x_wconf 75' lang='lat' dir='ltr'><strong>caussa.</strong></span> <span class='ocrx_word' id='word_1_67' title='bbox 1119 1114 1199 1174; x_wconf 87' lang='lat' dir='ltr'><strong>Hist.</strong></span> <span class='ocrx_word' id='word_1_68' title='bbox 1220 1113 1246 1188; x_wconf 91' lang='grc' dir='ltr'><strong>Ι,</strong></span> <span class='ocrx_word' id='word_1_69' title='bbox 1268 1115 1305 1172; x_wconf 86' lang='lat'><strong>4:</strong></span> <span class='ocrx_word' id='word_1_70' title='bbox 1336 1116 1448 1172; x_wconf 72' lang='lat' dir='ltr'><strong>clienter</strong></span> 
     </span>
     <span class='ocr_line' id='line_1_9' title="bbox 312 1219 1448 1302; baseline -0.005 -18"><span class='ocrx_word' id='word_1_71' title='bbox 312 1225 456 1302; x_wconf 51' lang='lat' dir='ltr'><strong>&amp;besuae</strong></span> <span class='ocrx_word' id='word_1_72' title='bbox 476 1227 670 1281; x_wconf 79' lang='lat' dir='ltr'><strong>damnatorum</strong></span> <span class='ocrx_word' id='word_1_73' title='bbox 690 1233 716 1280; x_wconf 87' lang='lat' dir='ltr'><strong>ct</strong></span> <span class='ocrx_word' id='word_1_74' title='bbox 736 1226 869 1296; x_wconf 68' lang='lat' dir='ltr'><strong>emam,</strong></span> <span class='ocrx_word' id='word_1_75' title='bbox 898 1220 928 1280; x_wconf 93' lang='lat' dir='ltr'><strong>h.</strong></span> <span class='ocrx_word' id='word_1_76' title='bbox 950 1240 976 1281; x_wconf 91' lang='lat' dir='ltr'><strong>e.</strong></span> <span class='ocrx_word' id='word_1_77' title='bbox 998 1241 1101 1282; x_wconf 87' lang='lat' dir='ltr'><strong>eorum</strong></span> <span class='ocrx_word' id='word_1_78' title='bbox 1123 1221 1175 1302; x_wconf 90' lang='lat' dir='ltr'><strong>qui</strong></span> <span class='ocrx_word' id='word_1_79' title='bbox 1196 1219 1329 1280; x_wconf 89' lang='lat' dir='ltr'><strong>damnati</strong></span> <span class='ocrx_word' id='word_1_80' title='bbox 1348 1235 1448 1297; x_wconf 88' lang='lat' dir='ltr'><strong>eoque</strong></span> 
     </span>
     <span class='ocr_line' id='line_1_10' title="bbox 314 1327 1447 1409; baseline -0.003 -21"><span class='ocrx_word' id='word_1_81' title='bbox 314 1329 431 1409; x_wconf 80' lang='lat' dir='ltr'><strong>expulsi</strong></span> <span class='ocrx_word' id='word_1_82' title='bbox 459 1336 556 1401; x_wconf 84' lang='lat' dir='ltr'><strong>erent,</strong></span> <span class='ocrx_word' id='word_1_83' title='bbox 592 1328 679 1390; x_wconf 89' lang='lat' dir='ltr'><strong>sicuti</strong></span> <span class='ocrx_word' id='word_1_84' title='bbox 707 1328 787 1389; x_wconf 86' lang='lat' dir='ltr'><strong>Hiet.</strong></span> <span class='ocrx_word' id='word_1_85' title='bbox 811 1327 875 1401; x_wconf 88' lang='lat' dir='ltr'><strong>lv,</strong></span> <span class='ocrx_word' id='word_1_86' title='bbox 897 1329 956 1388; x_wconf 88' lang='lat'><strong>44:</strong></span> <span class='ocrx_word' id='word_1_87' title='bbox 989 1335 1068 1388; x_wconf 80' lang='lat' dir='ltr'><strong>muto</strong></span> <span class='ocrx_word' id='word_1_88' title='bbox 1095 1333 1176 1402; x_wconf 65' lang='lat' dir='ltr'><strong>mort</strong></span> <span class='ocrx_word' id='word_1_89' title='bbox 1213 1331 1447 1387; x_wconf 75' lang='lat' dir='ltr'><strong>cmotceconculto</strong></span> 
     </span>
     <span class='ocr_line' id='line_1_11' title="bbox 314 1428 1446 1512; baseline -0.004 -15"><span class='ocrx_word' id='word_1_90' title='bbox 314 1441 444 1498; x_wconf 79' lang='lat' dir='ltr'><strong>damuati</strong></span> <span class='ocrx_word' id='word_1_91' title='bbox 462 1433 607 1512; x_wconf 76' lang='lat' dir='ltr'><strong>puteique,</strong></span> <span class='ocrx_word' id='word_1_92' title='bbox 629 1440 757 1511; x_wconf 68' lang='lat' dir='ltr'><strong>cucumis</strong></span> <span class='ocrx_word' id='word_1_93' title='bbox 779 1457 903 1496; x_wconf 79' lang='lat' dir='ltr'><strong>concesso</strong></span> <span class='ocrx_word' id='word_1_94' title='bbox 925 1441 991 1496; x_wconf 78' lang='lat' dir='ltr'><strong>otiis</strong></span> <span class='ocrx_word' id='word_1_95' title='bbox 1010 1441 1104 1495; x_wconf 82' lang='lat' dir='ltr'><strong>reditu</strong></span> <span class='ocrx_word' id='word_1_96' title='bbox 1127 1441 1158 1495; x_wconf 83' lang='lat' dir='ltr'><strong>a‘c</strong></span> <span class='ocrx_word' id='word_1_97' title='bbox 1178 1428 1275 1496; x_wconf 84' lang='lat' dir='ltr'><strong>codem</strong></span> <span class='ocrx_word' id='word_1_98' title='bbox 1292 1457 1386 1511; x_wconf 73' lang='lat' dir='ltr'><strong>poena</strong></span> <span class='ocrx_word' id='word_1_99' title='bbox 1402 1455 1446 1492; x_wconf 81' lang='lat' dir='ltr'><strong>re-</strong></span> 
     </span>
     <span class='ocr_line' id='line_1_12' title="bbox 314 1543 1446 1624; baseline -0.002 -20"><span class='ocrx_word' id='word_1_100' title='bbox 314 1551 382 1606; x_wconf 78' lang='lat' dir='ltr'><strong>:eati</strong></span> <span class='ocrx_word' id='word_1_101' title='bbox 400 1558 471 1605; x_wconf 77' lang='lat' dir='ltr'><strong>scot.</strong></span> <span class='ocrx_word' id='word_1_102' title='bbox 531 1543 638 1624; x_wconf 82' lang='lat' dir='ltr'><strong>Neque</strong></span> <span class='ocrx_word' id='word_1_103' title='bbox 659 1545 738 1604; x_wconf 88' lang='lat' dir='ltr'><strong>enim</strong></span> <span class='ocrx_word' id='word_1_104' title='bbox 767 1543 939 1605; x_wconf 82' lang='lat' dir='ltr'><strong>crediderim</strong></span> <span class='ocrx_word' id='word_1_105' title='bbox 961 1545 1050 1605; x_wconf 80' lang='lat' dir='ltr'><strong>etium</strong></span> <span class='ocrx_word' id='word_1_106' title='bbox 1072 1543 1110 1604; x_wconf 90' lang='lat' dir='ltr'><strong>dc</strong></span> <span class='ocrx_word' id='word_1_107' title='bbox 1129 1544 1292 1605; x_wconf 83' lang='lat' dir='ltr'><strong>interiectis</strong></span> <span class='ocrx_word' id='word_1_108' title='bbox 1315 1543 1446 1621; x_wconf 85' lang='lat' dir='ltr'><strong>cogitan-</strong></span> 
     </span>
     <span class='ocr_line' id='line_1_13' title="bbox 279 1633 1448 1732; baseline -0.002 -20"><span class='ocrx_word' id='word_1_109' title='bbox 279 1633 281 1644; x_wconf 45' lang='lat'>¹</span> <span class='ocrx_word' id='word_1_110' title='bbox 315 1652 386 1713; x_wconf 89' lang='lat' dir='ltr'><strong>dum</strong></span> <span class='ocrx_word' id='word_1_111' title='bbox 407 1672 481 1726; x_wconf 86' lang='lat' dir='ltr'><strong>esse,</strong></span> <span class='ocrx_word' id='word_1_112' title='bbox 503 1650 584 1732; x_wconf 89' lang='lat' dir='ltr'><strong>quod</strong></span> <span class='ocrx_word' id='word_1_113' title='bbox 608 1649 719 1712; x_wconf 93' lang='lat' dir='ltr'><strong>Orellio</strong></span> <span class='ocrx_word' id='word_1_114' title='bbox 741 1651 840 1711; x_wconf 87' lang='lat' dir='ltr'><strong>visum</strong></span> <span class='ocrx_word' id='word_1_115' title='bbox 862 1659 918 1712; x_wconf 87' lang='lat' dir='ltr'><strong>est.</strong></span> <span class='ocrx_word' id='word_1_116' title='bbox 961 1651 1040 1711; x_wconf 85' lang='lat' dir='ltr'><strong>Hiet.</strong></span> <span class='ocrx_word' id='word_1_117' title='bbox 1062 1650 1093 1726; x_wconf 92' lang='grc' dir='ltr'><strong>Ι,</strong></span> <span class='ocrx_word' id='word_1_118' title='bbox 1116 1654 1173 1711; x_wconf 92' lang='lat'><strong>21:</strong></span> <span class='ocrx_word' id='word_1_119' title='bbox 1201 1673 1250 1711; x_wconf 83' lang='lat' dir='ltr'><strong>uec</strong></span> <span class='ocrx_word' id='word_1_120' title='bbox 1271 1656 1448 1710; x_wconf 63' lang='lat' dir='ltr'><strong>memorien</strong></span> 
     </span>
     <span class='ocr_line' id='line_1_14' title="bbox 313 1757 1448 1838; baseline -0.004 -18"><span class='ocrx_word' id='word_1_121' title='bbox 313 1769 410 1820; x_wconf 73' lang='lat' dir='ltr'><strong>curati</strong></span> <span class='ocrx_word' id='word_1_122' title='bbox 430 1773 456 1820; x_wconf 89' lang='lat' dir='ltr'><strong>ct</strong></span> <span class='ocrx_word' id='word_1_123' title='bbox 478 1764 592 1820; x_wconf 66' lang='lat' dir='ltr'><strong>abutor</strong></span> <span class='ocrx_word' id='word_1_124' title='bbox 617 1763 707 1818; x_wconf 72' lang='lat' dir='ltr'><strong>cecilii</strong></span> <span class='ocrx_word' id='word_1_125' title='bbox 733 1763 861 1818; x_wconf 77' lang='lat' dir='ltr'><strong>bonorem</strong></span> <span class='ocrx_word' id='word_1_126' title='bbox 889 1764 1112 1833; x_wconf 68' lang='lat' dir='ltr'><strong>exspectandum,-</strong></span> <span class='ocrx_word' id='word_1_127' title='bbox 1142 1757 1272 1820; x_wconf 80' lang='lat' dir='ltr'><strong>adnectit</strong></span> <span class='ocrx_word' id='word_1_128' title='bbox 1300 1757 1448 1838; x_wconf 78' lang='lat' dir='ltr'><strong>particula</strong></span> 
     </span>
     <span class='ocr_line' id='line_1_15' title="bbox 314 1866 1447 1948; baseline -0.002 -19"><span class='ocrx_word' id='word_1_129' title='bbox 314 1868 354 1936; x_wconf 73' lang='lat' dir='ltr'><strong>id,</strong></span> <span class='ocrx_word' id='word_1_130' title='bbox 367 1866 447 1948; x_wconf 91' lang='lat' dir='ltr'><strong>quod</strong></span> <span class='ocrx_word' id='word_1_131' title='bbox 470 1867 636 1928; x_wconf 89' lang='lat' dir='ltr'><strong>necessario</strong></span> <span class='ocrx_word' id='word_1_132' title='bbox 658 1886 725 1926; x_wconf 90' lang='lat' dir='ltr'><strong>cum</strong></span> <span class='ocrx_word' id='word_1_133' title='bbox 746 1867 842 1945; x_wconf 89' lang='lat' dir='ltr'><strong>primo</strong></span> <span class='ocrx_word' id='word_1_134' title='bbox 865 1867 1019 1926; x_wconf 85' lang='lat' dir='ltr'><strong>enuntiato</strong></span> <span class='ocrx_word' id='word_1_135' title='bbox 1042 1867 1235 1945; x_wconf 88' lang='lat' dir='ltr'><strong>conjunctum</strong></span> <span class='ocrx_word' id='word_1_136' title='bbox 1249 1875 1295 1929; x_wconf 91' lang='lat' dir='ltr'><strong>est</strong></span> <span class='ocrx_word' id='word_1_137' title='bbox 1316 1887 1447 1946; x_wconf 88' lang='lat' dir='ltr'><strong>namque</strong></span> 
     </span>
     <span class='ocr_line' id='line_1_16' title="bbox 315 1972 1446 2056; baseline -0.003 -20"><span class='ocrx_word' id='word_1_138' title='bbox 315 1976 467 2056; x_wconf 77' lang='lat' dir='ltr'><strong>pertinent</strong></span> <span class='ocrx_word' id='word_1_139' title='bbox 488 1974 561 2035; x_wconf 81' lang='lat' dir='ltr'><strong>hoec</strong></span> <span class='ocrx_word' id='word_1_140' title='bbox 581 1972 619 2034; x_wconf 84' lang='lat' dir='ltr'><strong>ud</strong></span> <span class='ocrx_word' id='word_1_141' title='bbox 640 1976 776 2053; x_wconf 78' lang='lat' dir='ltr'><strong>eaquae</strong></span> <span class='ocrx_word' id='word_1_142' title='bbox 799 1992 864 2051; x_wconf 87' lang='lat' dir='ltr'><strong>cap.</strong></span> <span class='ocrx_word' id='word_1_143' title='bbox 888 1975 927 2034; x_wconf 87' lang='lat'><strong>13</strong></span> <span class='ocrx_word' id='word_1_144' title='bbox 948 1981 1140 2034; x_wconf 81' lang='lat' dir='ltr'><strong>enarrentur:</strong></span> <span class='ocrx_word' id='word_1_145' title='bbox 1175 1972 1324 2036; x_wconf 86' lang='lat' dir='ltr'><strong>Othonem</strong></span> <span class='ocrx_word' id='word_1_146' title='bbox 1347 1995 1365 2035; x_wconf 85' lang='lat' dir='ltr'><strong>s</strong></span> <span class='ocrx_word' id='word_1_147' title='bbox 1386 1975 1446 2034; x_wconf 86' lang='lat' dir='ltr'><strong>Ne·</strong></span> 
     </span>
     <span class='ocr_line' id='line_1_17' title="bbox 315 2081 1445 2164; baseline 0 -21"><span class='ocrx_word' id='word_1_148' title='bbox 315 2103 390 2143; x_wconf 88' lang='lat' dir='ltr'><strong>rone</strong></span> <span class='ocrx_word' id='word_1_149' title='bbox 412 2083 444 2142; x_wconf 92' lang='lat' dir='ltr'><strong>in</strong></span> <span class='ocrx_word' id='word_1_150' title='bbox 472 2083 657 2164; x_wconf 79' lang='lat' dir='ltr'><strong>provinciam</strong></span> <span class='ocrx_word' id='word_1_151' title='bbox 677 2081 860 2142; x_wconf 77' lang='lat' dir='ltr'><strong>Lusitaniam</strong></span> <span class='ocrx_word' id='word_1_152' title='bbox 892 2081 1056 2158; x_wconf 88' lang='lat' dir='ltr'><strong>sepositum</strong></span> <span class='ocrx_word' id='word_1_153' title='bbox 1084 2101 1150 2143; x_wconf 89' lang='lat' dir='ltr'><strong>esse</strong></span> <span class='ocrx_word' id='word_1_154' title='bbox 1182 2083 1316 2162; x_wconf 90' lang='lat' dir='ltr'><strong>specie</strong></span> <span class='ocrx_word' id='word_1_155' title='bbox 1346 2083 1445 2161; x_wconf 88' lang='lat' dir='ltr'><strong>lega-</strong></span> 
     </span>
     <span class='ocr_line' id='line_1_18' title="bbox 315 2176 1444 2264; baseline -0.001 -13"><span class='ocrx_word' id='word_1_156' title='bbox 315 2192 450 2251; x_wconf 60' lang='lat' dir='ltr'><strong>tionis:</strong></span> <span class='ocrx_word' id='word_1_157' title='bbox 487 2191 568 2250; x_wconf 88' lang='lat' dir='ltr'><strong>Hist.</strong></span> <span class='ocrx_word' id='word_1_158' title='bbox 576 2189 602 2264; x_wconf 94' lang='grc' dir='ltr'><strong>Ι,</strong></span> <span class='ocrx_word' id='word_1_159' title='bbox 627 2191 682 2248; x_wconf 87' lang='lat'><strong>22:</strong></span> <span class='ocrx_word' id='word_1_160' title='bbox 704 2196 770 2247; x_wconf 80' lang='lat' dir='ltr'><strong>dum</strong></span> <span class='ocrx_word' id='word_1_161' title='bbox 790 2176 873 2248; x_wconf 75' lang='lat' dir='ltr'><strong>nouo:</strong></span> <span class='ocrx_word' id='word_1_162' title='bbox 894 2201 982 2248; x_wconf 68' lang='lat' dir='ltr'><strong>motu:</strong></span> <span class='ocrx_word' id='word_1_163' title='bbox 1003 2201 1028 2248; x_wconf 91' lang='lat' dir='ltr'><strong>et</strong></span> <span class='ocrx_word' id='word_1_164' title='bbox 1049 2194 1156 2251; x_wconf 74' lang='lat' dir='ltr'><strong>clamem</strong></span> <span class='ocrx_word' id='word_1_165' title='bbox 1167 2196 1379 2250; x_wconf 71' lang='lat' dir='ltr'><strong>Othonianorum</strong></span> <span class='ocrx_word' id='word_1_166' title='bbox 1399 2197 1444 2252; x_wconf 84' lang='lat' dir='ltr'><strong>ob·</strong></span> 
     </span>
     <span class='ocr_line' id='line_1_19' title="bbox 313 2299 1446 2373; baseline 0.001 -14"><span class='ocrx_word' id='word_1_167' title='bbox 313 2304 466 2359; x_wconf 68' lang='lat' dir='ltr'><strong>rumulone</strong></span> <span class='ocrx_word' id='word_1_168' title='bbox 484 2303 606 2359; x_wconf 77' lang='lat' dir='ltr'><strong>ridemur:</strong></span> <span class='ocrx_word' id='word_1_169' title='bbox 627 2304 786 2372; x_wconf 75' lang='lat' dir='ltr'><strong>adfirmant.</strong></span> <span class='ocrx_word' id='word_1_170' title='bbox 832 2299 888 2356; x_wconf 82' lang='lat'><strong>27:</strong></span> <span class='ocrx_word' id='word_1_171' title='bbox 919 2319 991 2372; x_wconf 76' lang='lat' dir='ltr'><strong>quoe</strong></span> <span class='ocrx_word' id='word_1_172' title='bbox 1017 2303 1183 2373; x_wconf 75' lang='lat' dir='ltr'><strong>ripoificotio</strong></span> <span class='ocrx_word' id='word_1_173' title='bbox 1209 2305 1360 2360; x_wconf 74' lang='lat' dir='ltr'><strong>coeuntium</strong></span> <span class='ocrx_word' id='word_1_174' title='bbox 1385 2305 1446 2373; x_wconf 72' lang='lat' dir='ltr'><strong>iarn</strong></span> 
     </span>
     <span class='ocr_line' id='line_1_20' title="bbox 313 2407 1446 2483; baseline -0.002 -15"><span class='ocrx_word' id='word_1_175' title='bbox 313 2413 430 2468; x_wconf 73' lang='lat' dir='ltr'><strong>reddum</strong></span> <span class='ocrx_word' id='word_1_176' title='bbox 450 2419 476 2466; x_wconf 86' lang='lat' dir='ltr'><strong>et</strong></span> <span class='ocrx_word' id='word_1_177' title='bbox 495 2418 616 2482; x_wconf 65' lang='lat' dir='ltr'><strong>putatae</strong></span> <span class='ocrx_word' id='word_1_178' title='bbox 637 2408 838 2480; x_wconf 72' lang='lat' dir='ltr'><strong>coniurationis</strong></span> <span class='ocrx_word' id='word_1_179' title='bbox 850 2417 1027 2481; x_wconf 63' lang='lat' dir='ltr'><strong>‚conuenerat</strong></span> <span class='ocrx_word' id='word_1_180' title='bbox 1050 2407 1107 2467; x_wconf 84' lang='lat'><strong>83:</strong></span> <span class='ocrx_word' id='word_1_181' title='bbox 1128 2411 1224 2481; x_wconf 63' lang='lat' dir='ltr'><strong>colerae</strong></span> <span class='ocrx_word' id='word_1_182' title='bbox 1244 2416 1280 2468; x_wconf 87' lang='lat' dir='ltr'><strong>et</strong></span> <span class='ocrx_word' id='word_1_183' title='bbox 1296 2413 1446 2483; x_wconf 78' lang='lat' dir='ltr'><strong>plurecce·</strong></span> 
     </span>
     <span class='ocr_line' id='line_1_21' title="bbox 313 2512 1445 2596; baseline 0.002 -22"><span class='ocrx_word' id='word_1_184' title='bbox 313 2521 461 2576; x_wconf 76' lang='lat' dir='ltr'><strong>ditionibus</strong></span> <span class='ocrx_word' id='word_1_185' title='bbox 482 2527 507 2574; x_wconf 86' lang='lat' dir='ltr'><strong>ct</strong></span> <span class='ocrx_word' id='word_1_186' title='bbox 526 2519 671 2574; x_wconf 82' lang='lat' dir='ltr'><strong>ambitioso</strong></span> <span class='ocrx_word' id='word_1_187' title='bbox 692 2516 807 2588; x_wconf 76' lang='lat' dir='ltr'><strong>imperio</strong></span> <span class='ocrx_word' id='word_1_188' title='bbox 828 2516 913 2587; x_wconf 82' lang='lat' dir='ltr'><strong>loett,·</strong></span> <span class='ocrx_word' id='word_1_189' title='bbox 940 2512 1069 2574; x_wconf 88' lang='lat' dir='ltr'><strong>Orellius</strong></span> <span class='ocrx_word' id='word_1_190' title='bbox 1099 2522 1212 2575; x_wconf 85' lang='lat' dir='ltr'><strong>rectam</strong></span> <span class='ocrx_word' id='word_1_191' title='bbox 1238 2517 1337 2576; x_wconf 90' lang='lat' dir='ltr'><strong>nescio</strong></span> <span class='ocrx_word' id='word_1_192' title='bbox 1360 2517 1445 2596; x_wconf 87' lang='lat' dir='ltr'><strong>cujus</strong></span> 
     </span>
     <span class='ocr_line' id='line_1_22' title="bbox 314 2617 1446 2705; baseline -0.003 -18"><span class='ocrx_word' id='word_1_193' title='bbox 314 2621 542 2705; x_wconf 78' lang='lat' dir='ltr'><strong>explicationem</strong></span> <span class='ocrx_word' id='word_1_194' title='bbox 564 2623 666 2683; x_wconf 83' lang='lat' dir='ltr'><strong>effert:</strong></span> <span class='ocrx_word' id='word_1_195' title='bbox 690 2623 770 2705; x_wconf 90' lang='lat' dir='ltr'><strong>iique</strong></span> <span class='ocrx_word' id='word_1_196' title='bbox 791 2630 953 2702; x_wconf 84' lang='lat' dir='ltr'><strong>propterea</strong></span> <span class='ocrx_word' id='word_1_197' title='bbox 973 2621 1082 2702; x_wconf 89' lang='lat' dir='ltr'><strong>plnres.</strong></span> <span class='ocrx_word' id='word_1_198' title='bbox 1106 2624 1164 2684; x_wconf 86' lang='lat'><strong>88:</strong></span> <span class='ocrx_word' id='word_1_199' title='bbox 1185 2617 1352 2698; x_wconf 65' lang='lat' dir='ltr'><strong>rapientem</strong></span> <span class='ocrx_word' id='word_1_200' title='bbox 1372 2630 1446 2699; x_wconf 77' lang='lat' dir='ltr'><strong>quie-</strong></span> 
     </span>
     <span class='ocr_line' id='line_1_23' title="bbox 306 2728 1445 2814; baseline 0.002 -24"><span class='ocrx_word' id='word_1_201' title='bbox 306 2737 348 2814; x_wconf 67' lang='lat' dir='ltr'><strong>tio</strong></span> <span class='ocrx_word' id='word_1_202' title='bbox 369 2744 395 2790; x_wconf 83' lang='lat' dir='ltr'><strong>et</strong></span> <span class='ocrx_word' id='word_1_203' title='bbox 415 2735 583 2806; x_wconf 53' lang='lat' dir='ltr'><strong>respublicae</strong></span> <span class='ocrx_word' id='word_1_204' title='bbox 604 2751 688 2803; x_wconf 79' lang='lat' dir='ltr'><strong>curo,</strong></span> <span class='ocrx_word' id='word_1_205' title='bbox 711 2729 840 2808; x_wconf 86' lang='lat' dir='ltr'><strong>quietern</strong></span> <span class='ocrx_word' id='word_1_206' title='bbox 863 2728 1061 2808; x_wconf 84' lang='lat' dir='ltr'><strong>exoptabant,</strong></span> <span class='ocrx_word' id='word_1_207' title='bbox 1096 2728 1175 2791; x_wconf 89' lang='lat' dir='ltr'><strong>unde</strong></span> <span class='ocrx_word' id='word_1_208' title='bbox 1202 2730 1365 2810; x_wconf 88' lang='lat' dir='ltr'><strong>apparebat</strong></span> <span class='ocrx_word' id='word_1_209' title='bbox 1394 2728 1445 2792; x_wconf 78' lang='lat' dir='ltr'><strong>&#39;eos</strong></span> 
     </span>
     <span class='ocr_line' id='line_1_24' title="bbox 315 2835 1446 2919; baseline -0.002 -19"><span class='ocrx_word' id='word_1_210' title='bbox 315 2859 377 2900; x_wconf 90' lang='lat' dir='ltr'><strong>rem</strong></span> <span class='ocrx_word' id='word_1_211' title='bbox 401 2838 551 2919; x_wconf 88' lang='lat' dir='ltr'><strong>publicam</strong></span> <span class='ocrx_word' id='word_1_212' title='bbox 574 2857 644 2898; x_wconf 88' lang='lat' dir='ltr'><strong>vere</strong></span> <span class='ocrx_word' id='word_1_213' title='bbox 666 2855 785 2911; x_wconf 75' lang='lat' dir='ltr'><strong>curare:</strong></span> <span class='ocrx_word' id='word_1_214' title='bbox 814 2855 882 2898; x_wconf 83' lang='lat' dir='ltr'><strong>nem</strong></span> <span class='ocrx_word' id='word_1_215' title='bbox 906 2835 1042 2897; x_wconf 81' lang='lat' dir='ltr'><strong>Othonee</strong></span> <span class='ocrx_word' id='word_1_216' title='bbox 1063 2844 1094 2896; x_wconf 88' lang='lat' dir='ltr'><strong>et</strong></span> <span class='ocrx_word' id='word_1_217' title='bbox 1113 2836 1239 2910; x_wconf 88' lang='lat' dir='ltr'><strong>Vitellii,</strong></span> <span class='ocrx_word' id='word_1_218' title='bbox 1274 2839 1325 2919; x_wconf 91' lang='lat' dir='ltr'><strong>qni</strong></span> <span class='ocrx_word' id='word_1_219' title='bbox 1346 2839 1446 2899; x_wconf 85' lang='lat' dir='ltr'><strong>omnia</strong></span> 
     </span>
     <span class='ocr_line' id='line_1_25' title="bbox 314 2943 1443 3026; baseline -0.001 -18"><span class='ocrx_word' id='word_1_220' title='bbox 314 2946 454 3008; x_wconf 80' lang='lat' dir='ltr'><strong>seditiose</strong></span> <span class='ocrx_word' id='word_1_221' title='bbox 467 2945 638 3019; x_wconf 84' lang='lat' dir='ltr'><strong>turbarent,</strong></span> <span class='ocrx_word' id='word_1_222' title='bbox 658 2944 730 3005; x_wconf 90' lang='lat' dir='ltr'><strong>nihil</strong></span> <span class='ocrx_word' id='word_1_223' title='bbox 751 2945 810 3004; x_wconf 88' lang='lat' dir='ltr'><strong>nisi</strong></span> <span class='ocrx_word' id='word_1_224' title='bbox 841 2943 1052 3005; x_wconf 88' lang='lat' dir='ltr'><strong>detrimentum</strong></span> <span class='ocrx_word' id='word_1_225' title='bbox 1073 2944 1278 3024; x_wconf 80' lang='lat' dir='ltr'><strong>importabant</strong></span> <span class='ocrx_word' id='word_1_226' title='bbox 1287 2944 1318 3026; x_wconf 77' lang='grc' dir='ltr'><strong>ι).</strong></span> <span class='ocrx_word' id='word_1_227' title='bbox 1362 2947 1443 3007; x_wconf 89' lang='lat' dir='ltr'><strong>Hist.</strong></span> 
     </span>
     <span class='ocr_line' id='line_1_26' title="bbox 312 3053 1447 3129; baseline 0 -14"><span class='ocrx_word' id='word_1_228' title='bbox 312 3055 356 3129; x_wconf 93' lang='grc' dir='ltr'><strong>ΙΙ,</strong></span> <span class='ocrx_word' id='word_1_229' title='bbox 374 3058 433 3115; x_wconf 89' lang='lat'><strong>22:</strong></span> <span class='ocrx_word' id='word_1_230' title='bbox 455 3060 556 3114; x_wconf 80' lang='lat' dir='ltr'><strong>librato</strong></span> <span class='ocrx_word' id='word_1_231' title='bbox 576 3058 666 3128; x_wconf 68' lang='lat' dir='ltr'><strong>maye</strong></span> <span class='ocrx_word' id='word_1_232' title='bbox 686 3066 711 3112; x_wconf 86' lang='lat' dir='ltr'><strong>et</strong></span> <span class='ocrx_word' id='word_1_233' title='bbox 732 3065 804 3112; x_wconf 83' lang='lat' dir='ltr'><strong>certo</strong></span> <span class='ocrx_word' id='word_1_234' title='bbox 823 3056 886 3110; x_wconf 82' lang='lat' dir='ltr'><strong>ictu.</strong></span> <span class='ocrx_word' id='word_1_235' title='bbox 910 3053 970 3128; x_wconf 75' lang='lat'><strong>493</strong></span> <span class='ocrx_word' id='word_1_236' title='bbox 992 3057 1092 3116; x_wconf 78' lang='lat' dir='ltr'><strong>Otboar&#39;</strong></span> <span class='ocrx_word' id='word_1_237' title='bbox 1110 3059 1264 3128; x_wconf 72' lang='lat' dir='ltr'><strong>sepulcrum</strong></span> <span class='ocrx_word' id='word_1_238' title='bbox 1285 3067 1447 3114; x_wconf 75' lang='lat' dir='ltr'><strong>eectructtun</strong></span> 
     </span>
     <span class='ocr_line' id='line_1_27' title="bbox 311 3153 1447 3242; baseline 0.001 -22"><span class='ocrx_word' id='word_1_239' title='bbox 311 3167 456 3221; x_wconf 58' lang='lat' dir='ltr'><strong>caudicum*</strong></span> <span class='ocrx_word' id='word_1_240' title='bbox 482 3175 507 3220; x_wconf 88' lang='lat' dir='ltr'><strong>et</strong></span> <span class='ocrx_word' id='word_1_241' title='bbox 527 3183 687 3220; x_wconf 74' lang='lat' dir='ltr'><strong>mercemur:</strong></span> <span class='ocrx_word' id='word_1_242' title='bbox 719 3156 770 3242; x_wconf 85' lang='lat' dir='ltr'><strong>(cf.</strong></span> <span class='ocrx_word' id='word_1_243' title='bbox 795 3155 910 3239; x_wconf 82' lang='lat' dir='ltr'><strong>Orell.).</strong></span> <span class='ocrx_word' id='word_1_244' title='bbox 931 3159 983 3234; x_wconf 80' lang='lat' dir='ltr'><strong>IV,</strong></span> <span class='ocrx_word' id='word_1_245' title='bbox 1007 3160 1065 3218; x_wconf 89' lang='lat'><strong>81:</strong></span> <span class='ocrx_word' id='word_1_246' title='bbox 1092 3173 1178 3219; x_wconf 69' lang='lat' dir='ltr'><strong>motos</strong></span> <span class='ocrx_word' id='word_1_247' title='bbox 1205 3165 1315 3222; x_wconf 72' lang='lat' dir='ltr'><strong>uertici:</strong></span> <span class='ocrx_word' id='word_1_248' title='bbox 1331 3153 1447 3238; x_wconf 69' lang='lat' dir='ltr'><strong>flatibus</strong></span> 
     </span>
     <span class='ocr_line' id='line_1_28' title="bbox 313 3266 1446 3343; baseline 0.002 -15"><span class='ocrx_word' id='word_1_249' title='bbox 313 3275 374 3329; x_wconf 80' lang='lat' dir='ltr'><strong>dice</strong></span> <span class='ocrx_word' id='word_1_250' title='bbox 395 3283 420 3328; x_wconf 90' lang='lat' dir='ltr'><strong>ct</strong></span> <span class='ocrx_word' id='word_1_251' title='bbox 440 3282 516 3330; x_wconf 80' lang='lat' dir='ltr'><strong>certo</strong></span> <span class='ocrx_word' id='word_1_252' title='bbox 536 3273 624 3327; x_wconf 83' lang='lat' dir='ltr'><strong>marie</strong></span> <span class='ocrx_word' id='word_1_253' title='bbox 643 3269 871 3343; x_wconf 55' lang='lat' dir='ltr'><strong>effeminatum*</strong></span> <span class='ocrx_word' id='word_1_254' title='bbox 893 3267 971 3327; x_wconf 81' lang='lat' dir='ltr'><strong>Anu.</strong></span> <span class='ocrx_word' id='word_1_255' title='bbox 981 3266 1007 3341; x_wconf 91' lang='grc' dir='ltr'><strong>Ι,</strong></span> <span class='ocrx_word' id='word_1_256' title='bbox 1031 3269 1087 3328; x_wconf 81' lang='lat'><strong>75:</strong></span> <span class='ocrx_word' id='word_1_257' title='bbox 1118 3276 1192 3328; x_wconf 83' lang='lat' dir='ltr'><strong>uude</strong></span> <span class='ocrx_word' id='word_1_258' title='bbox 1210 3275 1293 3329; x_wconf 82' lang='lat' dir='ltr'><strong>ceteri</strong></span> <span class='ocrx_word' id='word_1_259' title='bbox 1310 3275 1446 3330; x_wconf 79' lang='lat' dir='ltr'><strong>cilentium</strong></span> 
     </span>
     <span class='ocr_line' id='line_1_29' title="bbox 315 3376 1447 3454; baseline -0.001 -16"><span class='ocrx_word' id='word_1_260' title='bbox 315 3386 351 3438; x_wconf 84' lang='lat' dir='ltr'><strong>et</strong></span> <span class='ocrx_word' id='word_1_261' title='bbox 368 3391 563 3454; x_wconf 78' lang='lat' dir='ltr'><strong>paupertatem</strong></span> <span class='ocrx_word' id='word_1_262' title='bbox 583 3381 749 3452; x_wconf 74' lang='lat' dir='ltr'><strong>confessioni</strong></span> <span class='ocrx_word' id='word_1_263' title='bbox 768 3383 804 3437; x_wconf 87' lang='lat' dir='ltr'><strong>et</strong></span> <span class='ocrx_word' id='word_1_264' title='bbox 824 3381 950 3450; x_wconf 80' lang='lat' dir='ltr'><strong>beneflcio</strong></span> <span class='ocrx_word' id='word_1_265' title='bbox 966 3395 1160 3453; x_wconf 77' lang='lat' dir='ltr'><strong>proepocuere,</strong></span> <span class='ocrx_word' id='word_1_266' title='bbox 1181 3376 1243 3450; x_wconf 88' lang='grc' dir='ltr'><strong>ΙΙΙ,</strong></span> <span class='ocrx_word' id='word_1_267' title='bbox 1267 3382 1324 3440; x_wconf 78' lang='lat'><strong>26:</strong></span> <span class='ocrx_word' id='word_1_268' title='bbox 1353 3385 1447 3438; x_wconf 80' lang='lat' dir='ltr'><strong>Numa</strong></span> 
     </span>
     <span class='ocr_line' id='line_1_30' title="bbox 313 3486 1445 3566; baseline 0.004 -22"><span class='ocrx_word' id='word_1_269' title='bbox 313 3491 489 3560; x_wconf 72' lang='lat' dir='ltr'><strong>relipiooitm</strong></span> <span class='ocrx_word' id='word_1_270' title='bbox 510 3499 535 3546; x_wconf 85' lang='lat' dir='ltr'><strong>ct</strong></span> <span class='ocrx_word' id='word_1_271' title='bbox 556 3491 651 3545; x_wconf 74' lang='lat' dir='ltr'><strong>divim</strong></span> <span class='ocrx_word' id='word_1_272' title='bbox 661 3490 729 3559; x_wconf 78' lang='lat' dir='ltr'><strong>jure</strong></span> <span class='ocrx_word' id='word_1_273' title='bbox 744 3488 880 3560; x_wconf 74' lang='lat' dir='ltr'><strong>populum</strong></span> <span class='ocrx_word' id='word_1_274' title='bbox 891 3487 1028 3557; x_wconf 62' lang='lat' dir='ltr'><strong>eminere·</strong></span> <span class='ocrx_word' id='word_1_275' title='bbox 1049 3493 1130 3546; x_wconf 89' lang='lat' dir='ltr'><strong>recte</strong></span> <span class='ocrx_word' id='word_1_276' title='bbox 1150 3486 1304 3566; x_wconf 84' lang='lat' dir='ltr'><strong>perspexit</strong></span> <span class='ocrx_word' id='word_1_277' title='bbox 1326 3505 1445 3554; x_wconf 88' lang='lat' dir='ltr'><strong>sensum</strong></span> 
     </span>
     <span class='ocr_line' id='line_1_31' title="bbox 317 3590 1444 3676; baseline 0.001 -22"><span class='ocrx_word' id='word_1_278' title='bbox 317 3593 464 3669; x_wconf 84' lang='lat' dir='ltr'><strong>Orellius,</strong></span> <span class='ocrx_word' id='word_1_279' title='bbox 484 3595 535 3676; x_wconf 87' lang='lat' dir='ltr'><strong>qui</strong></span> <span class='ocrx_word' id='word_1_280' title='bbox 558 3593 697 3654; x_wconf 87' lang='lat' dir='ltr'><strong>adnotat:</strong></span> <span class='ocrx_word' id='word_1_281' title='bbox 731 3590 865 3652; x_wconf 71' lang='lat' dir='ltr'><strong>divim</strong></span> <span class='ocrx_word' id='word_1_282' title='bbox 883 3592 934 3670; x_wconf 90' lang='lat' dir='ltr'><strong>jus</strong></span> <span class='ocrx_word' id='word_1_283' title='bbox 963 3593 1061 3671; x_wconf 87' lang='lat' dir='ltr'><strong>ipsum</strong></span> <span class='ocrx_word' id='word_1_284' title='bbox 1084 3593 1155 3651; x_wconf 91' lang='lat' dir='ltr'><strong>oriri</strong></span> <span class='ocrx_word' id='word_1_285' title='bbox 1177 3612 1214 3653; x_wconf 87' lang='lat' dir='ltr'><strong>ex</strong></span> <span class='ocrx_word' id='word_1_286' title='bbox 1243 3594 1444 3672; x_wconf 80' lang='lat' dir='ltr'><strong>religionibus.</strong></span> 
     </span>
     <span class='ocr_line' id='line_1_32' title="bbox 314 3703 942 3776; baseline -0.013 -13"><span class='ocrx_word' id='word_1_287' title='bbox 314 3703 402 3776; x_wconf 85' lang='lat' dir='ltr'>XIV,</span> <span class='ocrx_word' id='word_1_288' title='bbox 426 3703 486 3772; x_wconf 79' lang='lat'><strong>29:</strong></span> <span class='ocrx_word' id='word_1_289' title='bbox 503 3708 636 3760; x_wconf 70' lang='lat' dir='ltr'><strong>odacrum</strong></span> <span class='ocrx_word' id='word_1_290' title='bbox 657 3705 736 3760; x_wconf 78' lang='lat' dir='ltr'><strong>breoe</strong></span> <span class='ocrx_word' id='word_1_291' title='bbox 755 3712 781 3758; x_wconf 80' lang='lat' dir='ltr'><strong>et</strong></span> <span class='ocrx_word' id='word_1_292' title='bbox 804 3703 942 3756; x_wconf 81' lang='lat' dir='ltr'><strong>incertum.</strong></span> 
     </span>
    </p>
   </div>
   <div class='ocr_carea' id='block_1_5' title="bbox 320 3877 629 3889">
    <p class='ocr_par' dir='ltr' id='par_1_6' title="bbox 320 3877 629 3889">
     <span class='ocr_line' id='line_1_33' title="bbox 320 3877 629 3889; baseline 0.006 -4"><span class='ocrx_word' id='word_1_293' title='bbox 320 3877 629 3889; x_wconf 52' lang='grc' dir='ltr'>-ι--ῃ----</span> 
     </span>
    </p>
   </div>
   <div class='ocr_carea' id='block_1_6' title="bbox 311 4001 1446 4537">
    <p class='ocr_par' dir='ltr' id='par_1_7' title="bbox 311 4001 1446 4537">
     <span class='ocr_line' id='line_1_34' title="bbox 389 4001 1443 4072; baseline 0.001 -18"><span class='ocrx_word' id='word_1_294' title='bbox 389 4002 417 4072; x_wconf 90' lang='grc'><strong>1)</strong></span> <span class='ocrx_word' id='word_1_295' title='bbox 437 4005 498 4054; x_wconf 82' lang='lat' dir='ltr'><strong>flacc</strong></span> <span class='ocrx_word' id='word_1_296' title='bbox 516 4002 641 4069; x_wconf 79' lang='lat' dir='ltr'><strong>explicandi</strong></span> <span class='ocrx_word' id='word_1_297' title='bbox 658 4001 715 4053; x_wconf 80' lang='lat' dir='ltr'><strong>:etio</strong></span> <span class='ocrx_word' id='word_1_298' title='bbox 733 4003 895 4068; x_wconf 83' lang='lat' dir='ltr'><strong>saepependct</strong></span> <span class='ocrx_word' id='word_1_299' title='bbox 912 4002 1091 4068; x_wconf 76' lang='lat' dir='ltr'><strong>excogitatione</strong></span> <span class='ocrx_word' id='word_1_300' title='bbox 1109 4004 1157 4066; x_wconf 83' lang='lat' dir='ltr'><strong>ejus</strong></span> <span class='ocrx_word' id='word_1_301' title='bbox 1175 4002 1213 4068; x_wconf 89' lang='lat' dir='ltr'><strong>qui</strong></span> <span class='ocrx_word' id='word_1_302' title='bbox 1232 4003 1293 4066; x_wconf 75' lang='lat' dir='ltr'><strong>legit.</strong></span> <span class='ocrx_word' id='word_1_303' title='bbox 1327 4003 1366 4054; x_wconf 88' lang='lat' dir='ltr'><strong>Sic</strong></span> <span class='ocrx_word' id='word_1_304' title='bbox 1383 4004 1443 4056; x_wconf 83' lang='lat' dir='ltr'><strong>llist.</strong></span> 
     </span>
     <span class='ocr_line' id='line_1_35' title="bbox 313 4096 1446 4166; baseline 0.001 -18"><span class='ocrx_word' id='word_1_305' title='bbox 313 4097 332 4159; x_wconf 84' lang='lat' dir='ltr'><strong>l,</strong></span> <span class='ocrx_word' id='word_1_306' title='bbox 352 4097 399 4148; x_wconf 78' lang='lat'><strong>53:</strong></span> <span class='ocrx_word' id='word_1_307' title='bbox 422 4096 535 4148; x_wconf 72' lang='lat' dir='ltr'><strong>Coeoim</strong></span> <span class='ocrx_word' id='word_1_308' title='bbox 552 4114 627 4165; x_wconf 70' lang='lat' dir='ltr'><strong>aspre</strong></span> <span class='ocrx_word' id='word_1_309' title='bbox 643 4113 735 4166; x_wconf 72' lang='lat' dir='ltr'><strong>pressu</strong></span> <span class='ocrx_word' id='word_1_310' title='bbox 753 4096 858 4148; x_wconf 76' lang='lat' dir='ltr'><strong>miscere</strong></span> <span class='ocrx_word' id='word_1_311' title='bbox 875 4103 970 4149; x_wconf 75' lang='lat' dir='ltr'><strong>cuncta</strong></span> <span class='ocrx_word' id='word_1_312' title='bbox 988 4104 1017 4146; x_wconf 83' lang='lat' dir='ltr'><strong>ct</strong></span> <span class='ocrx_word' id='word_1_313' title='bbox 1033 4097 1136 4164; x_wconf 75' lang='lat' dir='ltr'><strong>privata</strong></span> <span class='ocrx_word' id='word_1_314' title='bbox 1154 4096 1258 4148; x_wconf 77' lang='lat' dir='ltr'><strong>volnera</strong></span> <span class='ocrx_word' id='word_1_315' title='bbox 1274 4097 1312 4147; x_wconf 85' lang='lat' dir='ltr'><strong>rei</strong></span> <span class='ocrx_word' id='word_1_316' title='bbox 1328 4097 1446 4166; x_wconf 80' lang='lat' dir='ltr'><strong>publicae</strong></span> 
     </span>
     <span class='ocr_line' id='line_1_36' title="bbox 314 4187 1444 4259; baseline -0.001 -17"><span class='ocrx_word' id='word_1_317' title='bbox 314 4187 389 4242; x_wconf 79' lang='lat' dir='ltr'><strong>malis</strong></span> <span class='ocrx_word' id='word_1_318' title='bbox 406 4191 507 4259; x_wconf 78' lang='lat' dir='ltr'><strong>operire</strong></span> <span class='ocrx_word' id='word_1_319' title='bbox 522 4191 622 4252; x_wconf 69' lang='lat' dir='ltr'><strong>eremit,</strong></span> <span class='ocrx_word' id='word_1_320' title='bbox 649 4205 729 4255; x_wconf 80' lang='lat' dir='ltr'><strong>reapse</strong></span> <span class='ocrx_word' id='word_1_321' title='bbox 746 4191 768 4241; x_wconf 93' lang='lat' dir='ltr'><strong>id</strong></span> <span class='ocrx_word' id='word_1_322' title='bbox 787 4191 849 4256; x_wconf 86' lang='lat' dir='ltr'><strong>quod</strong></span> <span class='ocrx_word' id='word_1_323' title='bbox 866 4190 991 4255; x_wconf 83' lang='lat' dir='ltr'><strong>posteriorc</strong></span> <span class='ocrx_word' id='word_1_324' title='bbox 1010 4191 1126 4241; x_wconf 81' lang='lat' dir='ltr'><strong>enundrto</strong></span> <span class='ocrx_word' id='word_1_325' title='bbox 1151 4190 1262 4240; x_wconf 82' lang='lat' dir='ltr'><strong>indicatur</strong></span> <span class='ocrx_word' id='word_1_326' title='bbox 1287 4197 1335 4240; x_wconf 89' lang='lat' dir='ltr'><strong>tum</strong></span> <span class='ocrx_word' id='word_1_327' title='bbox 1353 4192 1444 4242; x_wconf 88' lang='lat' dir='ltr'><strong>demum</strong></span> 
     </span>
     <span class='ocr_line' id='line_1_37' title="bbox 311 4282 1446 4348; baseline 0.002 -16"><span class='ocrx_word' id='word_1_328' title='bbox 311 4282 410 4334; x_wconf 88' lang='lat' dir='ltr'><strong>incidere</strong></span> <span class='ocrx_word' id='word_1_329' title='bbox 428 4290 525 4347; x_wconf 82' lang='lat' dir='ltr'><strong>poterut,</strong></span> <span class='ocrx_word' id='word_1_330' title='bbox 543 4297 613 4347; x_wconf 87' lang='lat' dir='ltr'><strong>quum</strong></span> <span class='ocrx_word' id='word_1_331' title='bbox 632 4282 727 4332; x_wconf 79' lang='lat' dir='ltr'><strong>Caecina</strong></span> <span class='ocrx_word' id='word_1_332' title='bbox 743 4292 823 4334; x_wconf 83' lang='lat' dir='ltr'><strong>cuncte</strong></span> <span class='ocrx_word' id='word_1_333' title='bbox 841 4283 978 4346; x_wconf 82' lang='lat' dir='ltr'><strong>miscuerat,</strong></span> <span class='ocrx_word' id='word_1_334' title='bbox 1004 4283 1039 4334; x_wconf 82' lang='lat' dir='ltr'><strong>sel</strong></span> <span class='ocrx_word' id='word_1_335' title='bbox 1056 4298 1103 4333; x_wconf 89' lang='lat' dir='ltr'><strong>uno</strong></span> <span class='ocrx_word' id='word_1_336' title='bbox 1121 4282 1246 4346; x_wconf 82' lang='lat' dir='ltr'><strong>codemque</strong></span> <span class='ocrx_word' id='word_1_337' title='bbox 1263 4285 1372 4348; x_wconf 85' lang='lat' dir='ltr'><strong>temporis</strong></span> <span class='ocrx_word' id='word_1_338' title='bbox 1390 4299 1446 4348; x_wconf 83' lang='lat' dir='ltr'><strong>spa·</strong></span> 
     </span>
     <span class='ocr_line' id='line_1_38' title="bbox 311 4375 1444 4445; baseline 0.002 -19"><span class='ocrx_word' id='word_1_339' title='bbox 311 4377 361 4440; x_wconf 86' lang='lat' dir='ltr'><strong>tio;</strong></span> <span class='ocrx_word' id='word_1_340' title='bbox 385 4377 421 4427; x_wconf 88' lang='lat' dir='ltr'><strong>siu</strong></span> <span class='ocrx_word' id='word_1_341' title='bbox 439 4377 518 4427; x_wconf 82' lang='lat' dir='ltr'><strong>verbe:</strong></span> <span class='ocrx_word' id='word_1_342' title='bbox 552 4375 656 4444; x_wconf 77' lang='lat' dir='ltr'><strong>privato</strong></span> <span class='ocrx_word' id='word_1_343' title='bbox 674 4404 708 4412; x_wconf 95' lang='lat'><em>—</em></span> <span class='ocrx_word' id='word_1_344' title='bbox 727 4377 826 4445; x_wconf 81' lang='lat' dir='ltr'><strong>operire</strong></span> <span class='ocrx_word' id='word_1_345' title='bbox 851 4391 890 4427; x_wconf 84' lang='lat' dir='ltr'><strong>ex·</strong></span> <span class='ocrx_word' id='word_1_346' title='bbox 901 4377 1010 4428; x_wconf 82' lang='lat' dir='ltr'><strong>Caecinae</strong></span> <span class='ocrx_word' id='word_1_347' title='bbox 1033 4377 1144 4428; x_wconf 80' lang='lat' dir='ltr'><strong>sententia</strong></span> <span class='ocrx_word' id='word_1_348' title='bbox 1167 4376 1226 4428; x_wconf 84' lang='lat' dir='ltr'><strong>dicte</strong></span> <span class='ocrx_word' id='word_1_349' title='bbox 1250 4393 1301 4428; x_wconf 85' lang='lat' dir='ltr'><strong>esse</strong></span> <span class='ocrx_word' id='word_1_350' title='bbox 1325 4379 1444 4440; x_wconf 84' lang='lat' dir='ltr'><strong>sumimus,</strong></span> 
     </span>
     <span class='ocr_line' id='line_1_39' title="bbox 311 4469 1304 4537; baseline -0.002 -15"><span class='ocrx_word' id='word_1_351' title='bbox 311 4483 414 4522; x_wconf 82' lang='lat' dir='ltr'><strong>causeum</strong></span> <span class='ocrx_word' id='word_1_352' title='bbox 434 4469 561 4536; x_wconf 72' lang='lat' dir='ltr'><strong>designent,</strong></span> <span class='ocrx_word' id='word_1_353' title='bbox 581 4475 648 4533; x_wconf 81' lang='lat' dir='ltr'><strong>atquc</strong></span> <span class='ocrx_word' id='word_1_354' title='bbox 665 4470 728 4534; x_wconf 89' lang='lat' dir='ltr'><strong>prius</strong></span> <span class='ocrx_word' id='word_1_355' title='bbox 748 4469 881 4522; x_wconf 83' lang='lat' dir='ltr'><strong>exstiterunt</strong></span> <span class='ocrx_word' id='word_1_356' title='bbox 900 4485 968 4537; x_wconf 83' lang='lat' dir='ltr'><strong>quem</strong></span> <span class='ocrx_word' id='word_1_357' title='bbox 986 4471 1085 4535; x_wconf 86' lang='lat' dir='ltr'><strong>primum</strong></span> <span class='ocrx_word' id='word_1_358' title='bbox 1103 4471 1249 4523; x_wconf 83' lang='lat' dir='ltr'><strong>enuntiatum.</strong></span> <span class='ocrx_word' id='word_1_359' title='bbox 1268 4497 1304 4510; x_wconf 89' lang='lat'>-</span> 
     </span>
    </p>
   </div>
   <div class='ocr_carea' id='block_1_7' title="bbox 0 0 1602 5270">
    <p class='ocr_par' dir='ltr' id='par_1_8' title="bbox 0 0 1602 5270">
     <span class='ocr_line' id='line_1_40' title="bbox 0 0 1602 5270; baseline 0 0"><span class='ocrx_word' id='word_1_360' title='bbox 0 0 1602 5270; x_wconf 95' lang='lat' dir='ltr'><strong> </strong></span> 
     </span>
    </p>
   </div>
  </div>
 </body>
</html>
