3196 5270
717 317 756 375 27

175 509 239 563 aaa,
262 487 341 569 quod
366 488 503 548 Haasens
525 487 658 566 recepit,
680 487 757 547 alter
788 507 822 545 oc
850 489 1002 544 alacribus
1032 485 1093 567 (vel
1123 509 1157 546 aa
1188 485 1309 568 camma)

174 601 387 672 oratombasqae.
432 595 507 656 Mihi
538 595 657 656 videtur
687 596 716 655 in
747 592 853 655 litteris
883 615 920 652 aa
946 593 1042 654 latere
1073 595 1257 675 praepositio
1283 617 1310 670 a,

174 707 245 785 quia
267 705 442 785 saepissime
463 705 493 764 in
516 711 644 785 utroque
673 702 774 764 codice
797 700 935 763 Mediceo
959 702 1071 762 vocalis
1094 725 1113 762 n
1134 723 1200 763 cum
1224 701 1310 783 diph-

173 821 266 892 tongo
288 835 327 873 aa
349 813 471 873 contusa
493 819 539 873 est
556 807 598 897 1);
621 831 660 890 ex
682 813 717 872 iis
739 830 811 871 vero
835 830 912 892 quae
927 817 1041 902 restant
1057 811 1176 886 littoris,
1192 811 1309 872 etiamsi

173 923 246 982 certi
274 921 316 981 nil
338 921 405 982 elici
427 921 523 1002 possit
544 928 644 981 tamen
673 919 841 980 verisimilis
871 918 991 980 videtur
1022 919 1126 980 lectio:
1150 924 1310 996 statoriam,

172 1049 232 1110 qua
253 1029 417 1104 indicetur,
449 1030 480 1089 in
502 1008 654 1089 rbetdrum
684 1026 794 1088 scholis
823 1045 863 1088 ex
891 1026 949 1087 hac
977 1045 1010 1086 re
1040 1026 1213 1109 desumptas
1242 1049 1309 1089 esse

173 1137 421 1199 declamationum
444 1137 593 1199 materias.
637 1135 727 1213 Quod
753 1142 862 1217 poetae
884 1135 940 1196 hoo
963 1133 1108 1196 ludicrum
1130 1137 1308 1198 carminibus

173 1229 482 1308 concelebraverant
511 1243 618 1328 (quare
646 1247 736 1306 etiam
768 1265 829 1305 non
862 1241 1083 1324 nominentur),
1117 1246 1148 1307 id
1180 1248 1309 1308 Neronis

171 1347 312 1436 imperio‚'
328 1357 379 1436 qui
401 1355 531 1435 optimus
553 1363 646 1435 poeta
667 1354 775 1415 scribi
798 1352 955 1414 videbatur
985 1360 1016 1412 et
1046 1353 1085 1412 ab
1116 1355 1182 1414 aliis
1204 1353 1308 1417 haberi

172 1462 310 1536 volebat,
332 1463 440 1522 mirum
463 1483 523 1522 non
546 1471 610 1536 est,
633 1469 666 1521 ut
682 1462 748 1540 jem
771 1460 976 1541 Nipperdejus
999 1459 1165 1523 adnotavit.

257 1569 306 1629 De
327 1571 414 1629 tertio
438 1570 504 1629 loeo
526 1569 714 1649 paucioribus
737 1567 935 1630 absolvamus.
993 1567 1074 1631 Hist.
1106 1569 1161 1644 lv,
1196 1571 1255 1631 39:
1284 1584 1310 1632 et

170 1683 312 1752 ferebatur
325 1682 462 1739 Antonias
482 1667 694 1738 Scribonianum
714 1681 844 1738 &aarum
866 1682 1025 1752 apropiia
1045 1679 1117 1754 mei
1125 1682 1309 1755 oriensque

171 1800 195 1847 st
215 1795 347 1861 fraterna
367 1791 486 1862 imopa'ae
514 1792 667 1862 scalpentem
700 1793 741 1846 od
762 1791 958 1863 capessendam
986 1791 1182 1864 rempublicam
1216 1792 1309 1848 borta-

170 1908 219 1956 tes.
265 1895 324 1972 Qui
345 1894 423 1955 bano
444 1895 601 1955 lectionem
631 1902 843 1970 servaverunt,
874 1914 940 1954 eam
968 1893 1048 1954 baud
1079 1894 1167 1956 dubie
1192 1895 1235 1956 sic
1257 1895 1309 1957 de·

170 2002 252 2064 leudi
287 2021 378 2082 posse
413 2009 594 2063 censuerunt
625 2010 658 2064 ut
690 2003 856 2082 particulae
879 2024 930 2078 qne
951 2009 1042 2083 atque
1066 2015 1091 2062 et
1111 2002 1167 2062 sibi
1183 2022 1307 2083 respon-

170 2110 234 2170 deri
256 2117 418 2190 putentur,
442 2111 494 2192 qui
516 2129 587 2170 usus
610 2110 691 2190 apud
714 2111 851 2170 Tacitum
875 2129 961 2191 raro,
987 2111 1137 2171 invenitur
1159 2118 1259 2171 tamen
1272 2105 1308 2190 8).

170 2217 370 2300 86ἆ.,ιροείἱίο
398 2219 523 2299 copulae
553 2225 623 2298 post
652 2218 815 2306 secundum
846 2217 969 2278 verbum
999 2217 1070 2278 ferri
1105 2238 1165 2278 non
1197 2227 1307 2298 potest,

169 2326 252 2408 quod
280 2328 370 2387 etiam
400 2326 465 2387 aliis
492 2328 589 2386 visum
611 2333 677 2401 est,
706 2327 846 2401 Halmio,
870 2345 961 2406 quum
990 2335 1160 2407 proponat:
1194 2333 1308 2402 syraptis

130 2501 132 2506 ,
168 2441 275 2496 antima
296 2441 481 2512 moribusque,
503 2436 623 2496 Haaseo
646 2436 704 2516 qui·
721 2434 830 2495 edidit:
861 2439 976 2510 egregiis
1008 2440 1114 2494 ortibm
1145 2441 1309 2510 majeribus·

167 2567 225 2621 qaae.
272 2543 334 2604 Sed
356 2553 481 2624 uterque
502 2542 613 2625 aliquid
635 2544 665 2603 in
689 2550 860 2603 contextum
891 2541 1016 2602 intrudit
1045 2542 1125 2623 quod
1147 2543 1185 2604 ab
1207 2544 1308 2606 indole

167 2653 256 2734 hujus
278 2653 336 2713 loci
358 2652 488 2714 ebenum
511 2661 574 2730 est;
606 2671 675 2712 nam
699 2671 797 2733 neque
819 2651 857 2710 de
880 2651 992 2712 artibus
1022 2670 1120 2733 neque
1153 2650 1190 2712 de
1220 2654 1307 2712 mori·
1403 2723 1407 2728 ‚

168 2760 223 2821 bus
246 2760 294 2820 hie
314 2761 429 2836 agitur,
456 2759 511 2820 sed
534 2759 571 2820 de
595 2759 685 2820 nobili
709 2767 739 2820 et
759 2759 840 2819 clara
861 2746 1050 2820 Scriboniani
1072 2759 1176 2833 domo,
1210 2761 1306 2841 qualis

171 2869 272 2950 quanti
295 2886 414 2948 semper
436 2887 454 2928 a
474 2868 580 2928 Tacito
608 2867 756 2928 habeatur
785 2869 990 2949 unnsquisque
1021 2868 1073 2948 qui
1101 2869 1213 2948 scripta
1243 2870 1307 2947 ejus

170 2977 243 3056 legit
266 2984 449 3056 compertum
479 2975 579 3036 habet.
636 2976 744 3057 Itaque
776 2995 842 3034 cum
877 2974 1062 3036 Doederlino
1094 2982 1124 3035 et
1151 2975 1307 3037 Waltbero

168 3084 336 3147 faciendum
359 3104 425 3146 esse
446 3092 533 3165 puto,
555 3086 606 3165 qui
629 3074 766 3163 copulam
795 3105 847 3160 que
879 3083 1072 3157 deleverunt,
1107 3104 1196 3170 quam
1229 3083 1308 3144 haud

168 3194 371 3276 infrequenter
393 3195 509 3253 incuria
531 3192 660 3274 quadam
682 3193 871 3252 librariorum
892 3191 1119 3272 superadditam
1135 3212 1202 3252 esse
1217 3195 1307 3253 etiam

168 3305 233 3364 aliis
256 3304 330 3363 locis
352 3303 429 3363 intra
449 3301 618 3362 videbimus
635 3297 671 3384 ³).
715 3302 843 3362 Accedit
873 3305 949 3382 quod
979 3301 1022 3362 sic
1052 3302 1148 3361 solum
1178 3301 1308 3362 voeabu-

166 3413 226 3473 lum
243 3416 399 3488 fulpemem
420 3411 643 3494 apte-ponitur.
950 3399 955 3407 ¹

254 3521 360 3580 Restat
387 3529 510 3601 quartus
541 3521 643 3579 locus:
674 3520 752 3581 Hist.
774 3519 834 3593 111,
859 3518 915 3580 50:
944 3523 970 3576 ta
997 3521 1142 3578 Silvaram
1167 3525 1309 3578 socordem

167 3633 236 3688 bello
257 3640 283 3687 et
303 3633 363 3686 dies
384 3649 476 3688 rerum
496 3623 584 3688 cerdis
605 3639 732 3687 terentem
754 3631 843 3702 specie
864 3629 986 3703 obsequii
1011 3631 1133 3700 repebat,
1163 3630 1308 3700 omniaque

167 3759 237 3814 quae
258 3741 369 3811 apeadu
383 3744 481 3812 sorsat
502 3741 595 3811 quieta
616 3759 677 3795 oum
697 3740 838 3795 mduatriu
859 3741 967 3794 oderam
1012 3735 1123 3794 Parum
1145 3733 1305 3814 probabili-

167 3854 212 3906 ter
234 3844 435 3906 Doederlinus
459 3845 575 3905 duobus
606 3846 678 3905 locis
708 3865 747 3905 ex
775 3845 908 3924 Apulejo
941 3843 1126 3922 depromptis
1157 3851 1307 3902 construn-

167 3955 294 4015 tionem:
317 3961 414 4013 mesae
435 3959 577 4030 miceam
602 3977 671 4014 rem
700 3953 863 4015 defendere
890 3952 999 4013 studet.
1055 3951 1244 4032 Praepositio
1268 3958 1308 4010 ad

166 4071 235 4123 ante
258 4067 351 4122 omnio
369 4064 433 4141 jam
455 4063 485 4123 in
509 4062 640 4123 editione
670 4063 803 4143 Spirensi
835 4061 939 4122 addita
971 4065 1053 4133 erat,
1081 4078 1137 4118 nec
1170 4056 1308 4119 dubitan-

239 4301 263 4367 1)
282 4301 312 4350 Ut
329 4299 427 4350 ostendit
446 4301 548 4350 Heraeus
565 4314 617 4365 pag.
638 4299 671 4350 83
693 4315 742 4367 seq.

236 4393 261 4459 2)
282 4394 311 4443 ei.
330 4409 378 4458 cap.
397 4393 433 4442 lV.

236 4485 264 4555 3)
285 4488 314 4541 cl.
333 4501 382 4551 cap.
401 4485 428 4536 lv
447 4493 469 4537 et
485 4485 511 4537 V.
