3196 5270
880 295 947 407 26ι

338 523 417 594 quis
449 521 637 578 comitantibus
665 525 721 579 cet.
734 512 775 594 ¹1l.
836 517 915 578 Nam
946 540 1000 594 per
1030 524 1178 595 dolurnque
1208 538 1226 578 a
1255 515 1472 578 consuetudine

336 627 477 688 Tacitina
499 625 659 686 abhorrere
680 625 789 706 probat
811 626 895 686 locus
918 626 999 690 Anu.
1020 627 1075 708 1v,
1100 630 1157 690 40:
1188 647 1317 704 perque
1338 629 1474 685 inuidiam

335 741 378 796 tui
397 758 439 796 mc
459 759 564 813 quoquc
590 741 734 810 incusaut;
761 736 854 797 verba
884 744 984 797 autem
1011 757 1066 813 per
1089 741 1184 798 mlum
1205 737 1352 798 accedunt
1375 733 1417 819 ad,
1438 753 1474 794 ea
1570 749 1571 818 ᾗ

242 883 244 890 1
337 865 415 927 quae
445 853 516 906 sunt
542 848 615 905 celat
642 849 765 921 equitus,
798 854 832 905 ut
864 843 1041 907 vccabulum
1072 851 1145 906 usne
1175 846 1283 906 clarius
1314 844 1473 924 explicent,

337 954 418 1036 quod
440 954 513 1035 quid
535 953 681 1032 significet
703 952 877 1036 ceteroquin
909 974 968 1014 non
996 955 1210 1032 intelligaturp
1232 953 1354 1014 minime
1384 953 1474 1032 igitur
1570 959 1571 1016 ἶ

336 1064 487 1149 superflua
509 1071 587 1125 sunt.
631 1062 751 1124 Deinde
772 1063 816 1124 sic
838 1063 958 1125 demum
978 1063 1072 1125 verba
1094 1083 1171 1144 qnae
1185 1063 1215 1124 in
1230 1069 1365 1123 extremo
1385 1061 1475 1121 ductu

336 1172 494 1251 leguntur:
509 1179 652 1250 stupebant
679 1178 761 1233 anal
788 1180 986 1249 madobautqus
1019 1173 1130 1235 habent
1157 1173 1195 1234 ad
1229 1191 1307 1254 quae
1336 1177 1475 1231 accurate

335 1281 518 1360 pertincant3
541 1300 609 1342 nam
632 1281 809 1342 vocabulum
830 1286 968 1356 finqebant
996 1289 1114 1361 spectat
1140 1281 1180 1341 ad
1209 1281 1335 1341 libertos
1366 1277 1475 1338 ansa·
1570 1277 1571 1288 ¹

336 1391 394 1465 ris,
417 1390 469 1470 qui
485 1391 630 1470 J'uvencm
651 1390 734 1450 illum
756 1409 809 1470 per
833 1390 934 1451 dolum
958 1402 1140 1466 aqnooenunt,
1163 1389 1193 1449 h.
1216 1408 1242 1449 e.
1272 1407 1341 1449 cum
1370 1403 1475 1448 revera

335 1500 469 1559 Drusum
492 1517 559 1561 esse
590 1499 691 1579 palam
720 1497 850 1579 professi
879 1507 957 1560 sunt.
1015 1498 1149 1562 Contra:
1177 1519 1231 1575 per
1264 1503 1413 1574 balmum
1434 1517 1476 1555 oo·

335 1611 495 1668 mittentibus
516 1607 590 1668 mihi
613 1605 735 1688 quidem
758 1625 933 1686 perversum
966 1614 1081 1668 tantum
1115 1624 1234 1668 sensum
1263 1604 1412 1687 praebere
1434 1603 1475 1664 vi·

337 1717 453 1777 dentur.
1068 1755 1071 1765 t

422 1824 503 1884 Anu.
526 1824 612 1899 XVI,
635 1827 673 1885 2:
701 1847 735 1884 ac
750 1829 829 1900 forte
852 1828 1054 1900 quinquennale
1079 1827 1217 1884 ludicrum
1241 1830 1361 1885 seomolo
1391 1829 1476 1884 lustro

337 1939 539 2009 celebrabatur,
571 1938 835 1994 causatoribus
867 1935 1144 2010 oratoribusque
1169 1938 1328 2010 praeapua
1359 1936 1477 1993 matema

336 2047 367 2101 in
387 2048 499 2101 laudem
516 2045 656 2118 principis
678 2047 827 2117 adsumta
848 2053 894 2101 est.
954 2041 1004 2101 Ex
1026 2043 1172 2122 corruptis
1188 2043 1298 2103 codicis
1321 2041 1404 2102 Med.
1426 2060 1476 2102 ve·

337 2151 433 2230 stigiis
456 2171 553 2230 nuper
574 2150 713 2211 Baiterus
737 2150 879 2228 qontecit:
915 2157 949 2212 ab
969 2156 1192 2228 nauibusque,
1214 2153 1255 2212 ita
1277 2159 1311 2211 ut
1334 2149 1475 2213 detractis
1570 2229 1571 2246 Χ

337 2260 444 2320 litteris
468 2280 487 2318 a
515 2267 545 2318 ot
574 2281 593 2318 u
622 2259 738 2339 reliqua
767 2278 822 2338 per
852 2260 1083 2341 dittographiam
1114 2280 1152 2320 ex
1184 2261 1355 2341 insequenti
1383 2257 1474 2320 verbo

337 2371 492 2428 orataibus
514 2372 586 2426 nata
609 2384 675 2426 esse
697 2366 726 2426 ei
747 2365 915 2427 videantur.
969 2367 1053 2444 Quae
1075 2369 1162 2442 ratio,
1185 2367 1323 2448 quamvis
1345 2367 1474 2447 Nipper-
1570 2401 1571 2404 =

338 2475 407 2554 dojo
430 2484 460 2536 et
482 2475 603 2535 Halmio
625 2474 767 2555 probata,
791 2474 864 2534 mihi
886 2483 987 2536 tamen
1009 2475 1106 2536 solido
1128 2475 1325 2536 fundamento
1348 2477 1404 2536 niti
1416 2495 1475 2535 non

337 2583 465 2647 videtur.
509 2569 589 2644 Nam
611 2581 692 2642 haud
715 2582 805 2644 dubie
826 2583 950 2644 Tacitus
985 2603 1043 2645 non
1074 2585 1225 2664 posuisset
1254 2590 1289 2643 ab
1310 2589 1475 2646 namtas·
1570 2625 1571 2640 t

337 2713 403 2770 quo,
426 2689 479 2752 sed
501 2711 573 2766 aque
593 2688 807 2773 orutaibrus2);
830 2711 865 2752 ac
886 2693 912 2754 oi
934 2673 1000 2774 quil
1022 2702 1109 2773 putet
1130 2692 1270 2753 facillime
1289 2692 1368 2754 hanc
1391 2692 1476 2754 dubi·
1570 2685 1571 2690 ’

337 2801 482 2860 tationem
505 2808 541 2859 eo
564 2798 629 2858 tolli
652 2798 734 2879 quod
757 2799 893 2860 deleatur
920 2806 970 2877 ab,
998 2803 1041 2861 ita
1068 2808 1102 2860 ut
1134 2805 1287 2862 nauibus
1320 2799 1476 2862 habendus
1570 2835 1571 2854 2

338 2908 377 2967 sit
399 2905 518 2966 dativus
540 2905 747 2986 subjectivae,
770 2925 859 2986 quom
883 2915 993 2968 vocant
1023 2907 1069 2985 (id
1091 2907 1172 2989 quod
1194 2908 1311 2969 Rittero
1339 2903 1475 2988 placuit),
1538 2984 1543 2998 Ι
1570 2903 1571 2960 l

337 3034 397 3075 nnn
418 3014 607 3092 intelligitur,
631 3013 781 3096 quomodo
802 3017 918 3095 primas
941 3015 1057 3077 litterae
1080 3037 1118 3077 au
1139 3035 1178 3076 ex
1200 3016 1405 3096 dittographia
1426 3035 1463 3076 ex
1570 3045 1571 3060 κ

338 3133 422 3186 ortae
443 3124 522 3205 sint,
544 3141 636 3204 quum
659 3122 799 3195 detractis
821 3124 858 3184 iis
880 3124 1078 3208 vocabalum,
1110 3123 1191 3206 qnod
1220 3143 1314 3206 prave
1337 3144 1378 3186 ex
1400 3125 1476 3185 inso-

338 3233 440 3315 quenti
462 3240 565 3292 natum
586 3250 653 3292 esse
676 3232 741 3292 vnlt
762 3231 917 3307 Baitcrns,
951 3231 1015 3294 iere
1042 3233 1191 3312 integrum
1213 3241 1389 3294 remaneat:
1412 3251 1476 3293 ara

336 3343 450 3418 toribus,
474 3359 571 3423 neque
594 3339 690 3402 simile
711 3340 853 3402 mendum
875 3341 936 3402 ullo
965 3341 1045 3423 apud
1074 3342 1214 3402 Tacitum
1243 3340 1310 3402 loco
1342 3341 1475 3402 invenio·
1570 3339 1571 3414 f

337 3459 386 3512 tur
403 3446 437 3530 ³).
480 3449 590 3530 Itaque
614 3448 726 3510 incedit
755 3449 878 3528 religio,
913 3470 984 3511 num
1018 3449 1075 3510 hoc
1108 3451 1175 3511 loco
1204 3448 1242 3510 de
1271 3448 1476 3531 dittographia
1570 3423 1571 3444 Χ

338 3558 459 3618 omnino
482 3558 521 3618 sit
543 3557 743 3635 cogitandum.
790 3559 899 3619 Nonne
921 3559 1040 3621 videtur
1062 3559 1161 3639 ipsum
1184 3557 1362 3620 vocabulum
1386 3570 1476 3620 orato·

336 3671 464 3742 cibusque
485 3665 565 3726 alind
588 3664 740 3745 postulare
761 3665 801 3725 ad
824 3665 905 3747 quod
927 3663 1071 3726 accedat?
1115 3665 1202 3743 Quod
1220 3687 1310 3748 quum
1326 3675 1356 3728 et
1371 3665 1474 3728 Piche·

338 3794 395 3835 nae
418 3782 448 3833 ct
469 3773 573 3853 Lipsio
595 3773 765 3846 videretur,
788 3772 864 3833 alter
885 3774 1071 3851 corrigebat:
1093 3779 1286 3836 maimaitun
1308 3778 1474 3836 matonbru·

338 3941 620 3956 ——--—-

411 4038 656 4110 quandonam
679 4041 823 4092 distinctione
847 4041 1015 4092 sauciatorum
1042 4041 1136 4094 mnuvit
1160 4043 1194 4092 vir
1219 4041 1378 4109 doctissimus,
1403 4053 1474 4108 nmero

338 4135 465 4184 accusaris
483 4135 538 4184 mihi
556 4134 659 4186 videntur
677 4141 700 4185 ct
718 4134 910 4185 mnsnnctionem
928 4135 1047 4187 obliterant
1065 4151 1117 4186 vere
1136 4133 1268 4186 Tacitinam.

409 4224 437 4294 2)
456 4227 516 4276 Haec
531 4229 637 4290 junctura
657 4243 793 4293 quamquam
811 4243 872 4278 nunc
898 4227 958 4292 apud
985 4229 1011 4279 T.
1028 4243 1077 4278 non
1104 4228 1185 4291 legitur
1209 4235 1285 4278 teman
1310 4227 1370 4292 apud
1396 4233 1473 4292 poetas

253 4354 258 4360 -
335 4319 417 4370 usitata
436 4328 485 4381 est,
504 4320 532 4369 ct.
549 4319 613 4370 osio.
632 4336 704 4371 amor.
722 4323 751 4384 ll,
769 4322 810 4385 14,
824 4322 875 4374 30:
894 4339 959 4389 aque
978 4339 1025 4374 suc
1045 4339 1147 4373 caesum
1165 4330 1245 4374 matre
1262 4321 1474 4390 queranturItpn‚

337 4414 436 4478 nihilque
453 4413 591 4478 impediebat
609 4415 730 4479 quominus
748 4416 819 4466 Tacit.
838 4426 861 4467 et
878 4417 939 4468 illem
957 4416 1073 4482 reciperet.
1181 4439 1184 4448 ·

410 4505 436 4580 3)
457 4508 536 4560 Herasi
555 4509 615 4561 stud.
632 4509 682 4561 crit.
700 4524 751 4577 pag.
773 4509 806 4562 tt
825 4525 889 4576 seqq.
