3196 5270
856 288 898 347 58

303 456 510 540 Nipperdejus
532 453 582 538 (ud
606 453 686 518 Anu.
704 455 731 532 1,
743 454 796 541 43)
817 455 920 518 reddit
942 475 997 537 per
1020 465 1173 518 uestrum:
1197 454 1452 534 Rnhmbegierde.

302 568 425 628 Nexum
448 566 602 626 notionum
625 562 801 625 waltherus
824 561 948 626 delinit:
967 565 1116 642 Juetentiu
1137 564 1280 642 glorioso.

388 672 470 736 Anu.
492 670 519 745 Ι,
541 669 602 730 49:
623 673 765 743 nemisse
786 673 867 743 sulm
881 672 994 729 domnia
1015 681 1098 744 meree
1118 673 1188 730 ultio
1209 681 1235 728 et
1256 671 1378 730 rutum,
1401 668 1452 728 En

302 779 448 842 hebemus
471 785 534 837 tres
555 773 705 847 notiones,
728 791 804 854 quos
826 774 853 833 si
874 773 915 834 ud
936 793 1029 836 uuum
1052 783 1144 854 utque
1166 776 1340 835 continuum
1358 793 1451 834 euuu·

303 887 409 946 tietum
432 882 607 961 contrahas,
629 877 731 960 prodit
753 897 859 940 seusus
882 877 1032 939 ferehis:
1068 879 1190 941 liuentis
1211 881 1335 942 ultiouis
1357 899 1454 962 usque

304 989 344 1051 ud
366 990 551 1052 sutietatem.

389 1093 472 1154 Anu.
494 1093 541 1165 Π,
564 1093 627 1165 82;
659 1111 709 1152 uer
737 1095 840 1152 obsedit
864 1095 956 1165 saleis
987 1095 1123 1168 liberius,
1153 1099 1241 1154 donee
1269 1104 1389 1170 tempore
1420 1115 1455 1154 oe

303 1174 397 1276 sentio
417 1208 599 1270 ememor.
646 1195 779 1258 Orelliue
800 1203 872 1278 epte
894 1196 1012 1258 confert
1033 1195 1122 1260 Caes.
1144 1196 1175 1260 b.
1196 1218 1227 1276 g.
1249 1198 1453 1283 v1s1,31‚2:

305 1312 374 1366 doto
393 1309 487 1382 mutio
517 1325 551 1364 ae
583 1313 712 1380 tempore,
743 1310 836 1383 utque
867 1303 1044 1380 intelligitur
1073 1323 1112 1366 ex
1140 1305 1261 1366 inverso
1294 1305 1455 1366 verborum

310 1413 436 1486 ordine,
460 1417 492 1472 et
513 1410 677 1472 Gaesarem
700 1407 779 1488 legi,
802 1428 892 1491 quum
913 1411 1146 1491 proposuimus,
1181 1411 1354 1474 obsecutum
1377 1431 1454 1476 esso.

393 1516 476 1578 Anu.
508 1515 570 1591 111,
602 1517 660 1578 60:
692 1520 877 1578 crebrescebat
906 1520 979 1578 enim
1004 1521 1131 1578 Groeoas
1154 1540 1209 1593 per
1235 1525 1316 1580 robes
1343 1523 1457 1580 lieerstr'u

308 1636 392 1702 atque
411 1627 564 1700 nonnullas
586 1627 669 1698 asyla
688 1627 838 1684 statuendi
882 1624 954 1685 Vox
974 1628 1088 1684 &centia
1110 1634 1212 1686 moret
1241 1627 1455 1704 cogitationem

308 1729 346 1792 de
367 1749 402 1790 re
423 1747 503 1809 quae
524 1728 558 1788 fit
580 1738 686 1790 eontra
702 1730 755 1807 jus
778 1729 828 1789 vel
852 1728 913 1804 fus,
935 1729 1019 1792 etde
1034 1749 1071 1791 ee
1086 1749 1335 1812 esuesepoenum
1350 1739 1455 1792 meret.

308 1834 382 1898 Ideo
405 1833 579 1897 addendum
602 1841 681 1893 erut:
703 1837 862 1908 impendas.
922 1833 1011 1912 Quod
1032 1835 1210 1896 vocobulum
1232 1835 1258 1894 si
1280 1853 1456 1915 separemus

307 1947 475 2019 ulioeotr’o,
497 1941 672 2019 ambiguum
695 1949 761 2014 est,
794 1958 887 2019 quum
918 1941 1088 2002 nesciemus
1119 1949 1220 2001 utrum
1242 1941 1393 2022 pertinent
1415 1940 1456 1999 ud

306 2046 386 2108 laete
407 2047 514 2106 illicita
536 2044 586 2106 vel
608 2043 709 2120 lieitu;
731 2061 801 2102 uum
824 2021 861 2103 et
877 2043 951 2104 hese
972 2063 1032 2106 nou
1055 2040 1227 2126 puniuntor.
1282 2045 1366 2124 Ergo
1388 2062 1455 2104 sen-

305 2173 357 2216 sus
379 2152 499 2214 subest:
522 2151 642 2214 licentio
664 2151 820 2231 impunite.

395 2261 475 2322 Iure.
497 2265 582 2336 saeue
599 2264 737 2335 praelum
757 2271 788 2318 u
817 2237 965 2319 metm
982 2263 1107 2320 ereata
1137 2264 1206 2334 rura
1234 2271 1317 2336 eree
1344 2265 1456 2335 reum.

222 2375 226 2380 “
306 2367 393 2428 Haec
415 2363 604 2445 significent:
623 2367 695 2444 jure
716 2384 771 2445 per
793 2363 924 2441 legatum
957 2385 1027 2426 uem
1057 2347 1135 2426 mitti
1165 2367 1282 2444 legatos
1304 2385 1363 2426 nou
1387 2367 1457 2428 utti-

308 2473 416 2548 nebet,
449 2474 505 2534 nisi
537 2472 620 2554 quod
649 2473 721 2551 jure
749 2471 900 2532 offerrent.
951 2471 1029 2533 Item
1051 2470 1126 2550 Agr.
1149 2475 1205 2534 29:
1229 2475 1412 2548 lenatiooilue
1432 2489 1458 2536 et

301 2586 466 2656 foederibus
487 2585 607 2642 onmem
628 2584 771 2640 ciuitatum
791 2583 864 2640 uires
892 2583 1055 2640 eudemum.

395 2688 477 2749 Anu.
500 2688 577 2762 ΧΙΙ,
602 2690 661 2748 27:
696 2691 860 2762 Agrippino
890 2689 920 2746 irs
940 2691 1076 2762 oppium
1101 2692 1230 2748 Ubiorum
1250 2699 1394 2748 semones
1414 2711 1458 2749 eo-

305 2799 464 2872 teotonem
485 2799 589 2855 deduei
602 2799 755 2870 inmemor,-
776 2794 805 2852 h.
827 2811 855 2856 e.
883 2801 1044 2854 veteranos
1073 2795 1125 2874 qui
1154 2794 1301 2855 colonium
1324 2796 1366 2856 ibi
1387 2816 1456 2857 eou-

307 2904 482 2978 stituerent,
505 2901 587 2984 quod
610 2901 701 2962 simili
722 2900 940 2978 significatione
965 2901 1097 2962 breviter
1118 2903 1286 2982 exprimas:
1309 2904 1457 2965 colonium

309 3018 540 3082 veteranorum,
563 3010 630 3070 eine
652 3000 953 3070 Veteruuencolonie.
976 3043 1016 3053 -

397 3116 478 3178 Anu.
499 3115 577 3190 XII,
600 3118 656 3176 69:
680 3128 870 3178 tertumeotem
891 3128 983 3178 tamen
1004 3121 1083 3176 houd
1106 3120 1268 3198 revelation,
1289 3140 1323 3178 rte
1347 3131 1457 3194 nortepe-

309 3231 378 3286 rs'lsts
394 3221 460 3302 filio
477 3227 626 3299 privignus
646 3228 755 3298 irriseris
776 3236 802 3284 el
822 3227 934 3284 invidia
957 3228 1065 3286 animos
1087 3229 1162 3299 volos'
1182 3231 1323 3299 terr-horem
1344 3227 1459 3287 invidia

308 3341 434 3416 propter
456 3331 596 3412 injurium
618 3332 804 3393 Brittannioo
828 3333 944 3394 illutnm
980 3331 1086 3413 (demit
1115 3332 1198 3393 nieht
1220 3333 1277 3394 der
1298 3334 1458 3408 Umstsnd,

309 3439 379 3500 duee
403 3439 457 3502 der
471 3415 633 3500 'Stiefsohn'
658 3438 727 3500 dem
748 3439 855 3500 eolrteu
878 3438 980 3500 Sohue
1002 3457 1194 3518 rorgeuogen
1214 3441 1258 3499 sei
1281 3439 1375 3501 durch
1399 3440 1457 3502 deu

309 3549 392 3610 Here
415 3546 489 3607 liber
512 3547 610 3608 dieses
634 3545 769 3608 Unreeht
799 3546 848 3608 die
878 3545 1048 3610 Gemilther
1071 3546 1125 3608 des
1155 3545 1272 3609 Volkes
1294 3548 1325 3609 iu
1348 3547 1457 3610 Aulre·

308 3674 393 3734 gurg
422 3653 566 3738 britohte).
1296 3657 1299 3666 '

393 3761 474 3823 Anu.
495 3763 583 3838 XIII,
608 3764 668 3824 15:
690 3770 765 3823 sorde
785 3776 849 3824 ortu
870 3769 1011 3826 miseratio
1031 3767 1220 3854 mutrisseim,
1242 3769 1310 3839 quia
1330 3768 1459 3824 desimu-

307 3875 441 3932 lutt'ouem
462 3891 515 3930 uon
537 3881 562 3930 et
588 3874 708 3930 lasciuia
734 3884 877 3931 euemerot.
932 3872 1003 3932 Nox
1038 3871 1307 3931 dissimulationem
1339 3869 1458 3930 sulerre

309 3998 369 4038 non
391 3979 508 4058 potuit,
539 3997 645 4038 verum
674 3978 804 4040 ebrietes
834 3998 914 4059 quae
945 3978 1061 4056 longius
1084 3986 1229 4058 provecta
1251 3986 1339 4039 noete
1362 3979 1458 4056 magis

309 4087 464 4166 magisque
487 4086 671 4147 increscebat
694 4087 869 4167 animosque
892 4086 1065 4166 aperiebet;
1097 4106 1166 4146 num
1188 4087 1219 4148 in
1243 4088 1312 4146 vino
1338 4087 1458 4146 veritus.

312 4193 368 4253 Cui
391 4191 584 4272 explicationi
607 4194 724 4255 obverti
747 4197 850 4278 nequit
873 4196 956 4256 Hist.
976 4197 1002 4272 l,
1026 4199 1085 4258 80:
1119 4209 1144 4255 et
1167 4199 1297 4270 obsequio
1318 4197 1460 4254 vultuum

310 4320 363 4358 noe
385 4304 553 4375 ebremarus,
576 4320 654 4381 quse
678 4303 771 4364 verbu
794 4323 861 4365 cum
883 4305 1030 4385 Rupertio
1053 4305 1096 4362 its
1118 4303 1285 4380 intelliges:
1316 4300 1460 4362 tenebrae

309 4401 543 4482 prohibuerant,
578 4407 736 4484 quominus
759 4408 901 4468 meliores
924 4429 941 4467 a
963 4408 1095 4487 pessimo
1119 4425 1240 4486 quoque
1265 4423 1459 4485 segregaren-
