3196 5270
850 259 968 340 30'

390 448 484 510 Porro
505 449 534 508 in
558 469 593 510 ea
615 468 648 510 re
669 449 817 530 particule
839 472 890 525 quo
911 471 977 511 cum
992 462 1018 511 et
1032 453 1184 526 convenit,
1210 451 1290 534 quod
1314 451 1448 514 adnectit

304 558 466 632 actionem,
489 578 565 638 quae
588 556 715 619 subinde
735 561 885 641 sequitur,
919 560 973 621 sed
1005 560 1125 622 diversa
1154 569 1200 622 est
1221 563 1292 644 quia
1316 581 1383 622 eam
1406 562 1446 623 ud

303 667 432 745 priorem
462 669 572 728 aretine
606 672 696 728 etiam
730 668 831 746 effigit.
886 669 961 730 Ideo
995 671 1161 731 invenimus
1195 690 1261 730 cnm
1295 671 1444 732 vocabulo

303 767 396 836 ototim
418 777 605 855 conjunctam
620 772 660 857 ¹),
683 776 765 836 Hist.
787 777 842 852 lv,
868 779 926 839 15:
959 783 1104 854 metimque
1133 783 1227 840 oceitic
1248 783 1354 840 Friciio
1374 787 1445 839 ctuo-

301 907 364 944 rum
392 889 541 945 cohortium
569 889 683 945 tieem
711 890 853 962 inrumpit.
910 889 966 947 18:
1001 895 1157 949 nudauerat
1186 892 1330 948 unorum
1360 909 1446 948 cornu

302 1001 476 1054 Batauorum
498 999 548 1054 oto
568 999 758 1070 trammeqiema
777 1000 923 1072 ototimque
943 999 974 1055 in
994 1019 1045 1056 noo
1065 1018 1153 1057 nereo.
1207 999 1265 1058 76:
1298 1002 1448 1073 etotimque

301 1117 487 1180 omoqoumm.
532 1104 611 1164 Dein
640 1124 706 1166 curn
733 1110 805 1182 ium,
834 1106 978 1186 imprimis
1007 1107 1032 1166 si
1061 1107 1195 1186 sequitur
1223 1127 1316 1182 quum.
1364 1105 1445 1166 Hist.

302 1213 342 1287 H,
367 1215 421 1274 61:
458 1218 575 1302 jamque
597 1219 724 1275 edaciter
750 1219 911 1276 Gallimmn
936 1227 961 1274 et
988 1221 1055 1275 deus
1087 1249 1129 1260 —·
1161 1219 1322 1275 Aeduorum
1352 1237 1446 1291 paqoo

302 1324 442 1398 trolelrot,
465 1343 525 1382 oum
545 1327 710 1398 qrooiooimo
732 1327 830 1384 civitae
859 1357 899 1368 -
919 1327 1078 1395 fmrntioom
1098 1327 1300 1384 multitudinem
1323 1327 1442 1398 diojeoit.

302 1429 383 1490 Hist.
406 1429 444 1506 V,
468 1433 503 1492 3:
535 1437 648 1508 jamque
679 1437 756 1493 hond
780 1437 882 1509 procul
909 1437 990 1494 coitio
1020 1437 1082 1493 totis
1103 1438 1209 1510 campio
1226 1437 1445 1510 procubuerant,

300 1560 360 1598 oron
382 1561 447 1614 qrec
468 1546 609 1602 acinorum
629 1546 777 1618 oqrootium
797 1554 916 1619 epo-stu
936 1547 967 1602 in
986 1564 1082 1618 rupem
1102 1564 1210 1603 nemore
1240 1565 1361 1619 opacum
1383 1562 1446 1603 eom·

300 1651 380 1708 ceruit
393 1644 432 1730 ²).
466 1683 510 1693 —-
552 1650 608 1725 111,
630 1652 686 1711 46:
706 1655 819 1727 qumque
840 1662 935 1710 caetra
955 1654 1090 1726 leqionum
1112 1656 1267 1712 enacirrdore
1284 1651 1443 1727 perolent,

301 1759 333 1816 ni
350 1760 501 1818 Mucimrue
521 1771 624 1820 aeetom
646 1764 776 1836 leqiooom
797 1765 972 1838 oppoeua'aaei.
996 1794 1037 1807 —-

387 1887 431 1949 Ut
452 1908 548 1969 peuce
571 1889 609 1950 de
636 1890 819 1969 singulorum
849 1893 1004 1952 notionum
1033 1891 1242 1970 conjunctione
1272 1889 1443 1970 subjiciam,

301 2005 429 2078 apparet
451 1997 510 2058 duo
532 1999 626 2060 verba
648 2019 703 2080 per
724 2023 776 2076 que
797 1998 835 2061 od
857 2021 946 2061 uuum
979 2007 1070 2080 atque
1096 2007 1192 2060 totum
1222 1985 1317 2061 multo
1346 1999 1444 2076 magis

300 2105 415 2184 colligi,
438 2126 528 2187 quam
550 2127 604 2188 per
626 2120 651 2168 ot
672 2109 836 2186 velutque,
868 2109 938 2190 quia
960 2106 1039 2169 nulli
1061 2108 1169 2168 vocule
1196 2109 1377 2187 interpositi
1400 2107 1443 2168 al·

300 2221 396 2274 terum
420 2214 458 2274 eb
480 2215 575 2276 altero
598 2235 687 2297 quam
709 2217 846 2297 proxime
868 2216 963 2278 abest.
1007 2215 1130 2295 Itaque,
1152 2234 1360 2297 quaecumque
1383 2214 1442 2275 luit

300 2323 346 2383 vis
367 2324 522 2403 primaria,
546 2324 621 2386 illud
647 2345 702 2405 pro
733 2332 814 2386 certo
848 2333 951 2385 tenere
981 2343 1157 2405 possumus,
1188 2344 1278 2406 quum
1311 2331 1440 2405 aspectu

300 2430 452 2493 oculorum
475 2439 505 2492 et
528 2433 594 2512 ipso
618 2433 775 2494 verborum
797 2453 870 2494 sono
892 2433 972 2494 clare
994 2435 1148 2494 sentiatur.
1192 2433 1353 2494 Rationem
1367 2453 1441 2494 vero

299 2562 378 2625 quoe
400 2543 478 2604 inter
500 2543 559 2604 duo
581 2543 675 2606 verba
697 2544 866 2605 intercedat
886 2551 971 2626 patet
1001 2561 1070 2605 esse
1099 2544 1264 2624 triplicem,
1295 2543 1365 2605 uerri
1389 2552 1441 2604 eut

299 2653 427 2717 alterum
447 2652 553 2714 fortius
576 2661 624 2714 est
645 2662 697 2715 aut
718 2655 863 2716 infirmius
894 2661 946 2717 aut
969 2662 1128 2734 utrumque
1158 2672 1253 2734 aequo
1280 2653 1311 2713 vi
1345 2652 1438 2714 valet.

298 2760 401 2841 Atque
422 2760 460 2821 ad
483 2761 610 2841 primum
635 2764 767 2842 speciem
789 2783 848 2825 non
871 2762 1012 2843 estquod
1027 2763 1150 2825 afferam
1167 2761 1319 2842 exempla3
1343 2749 1455 2822 eltera'

298 2867 470 2948 frequenter
492 2869 535 2928 ita
558 2887 591 2929 se
612 2869 720 2946 babet,
747 2879 789 2931 ut¹
801 2872 951 2950 posterius
973 2870 1137 2931 membrum
1159 2869 1299 2930 exhibeat
1320 2869 1439 2930 addita·

298 2984 432 3037 ruentum
454 2976 625 3058 quoddam,
658 2977 739 3059 quod
769 2980 899 3058 priorem
929 2979 1079 3055 notionem
1114 2977 1245 3057 complet
1279 2985 1309 3038 et
1339 2979 1438 3036 minua

297 3105 391 3165 grave
414 3093 477 3164 eet,
500 3087 595 3148 veluti
617 3087 697 3149 Hiet.
718 3088 742 3164 I,
765 3090 801 3149 4:
824 3109 915 3150 omnm
936 3091 1053 3164 leqr'oneo
1074 3093 1222 3162 decoque,
1252 3104 1319 3145 nam
1342 3085 1438 3166 logio·

297 3215 351 3256 nes
373 3195 503 3258 maxime
524 3196 732 3276 respiciuntur,
756 3197 804 3257 vel
827 3217 894 3277 cap.
918 3200 972 3257 11:
995 3200 1148 3274 Aeqqptum
1170 3197 1318 3271 copiaeque
1339 3198 1439 3270 quibua

297 3316 525 3368 coerceretur-
550 3308 652 3381 equitet
672 3310 795 3367 Romani
814 3309 962 3370 cortuum·
991 3308 1092 3382 Quare
1122 3304 1213 3364 etiam
1242 3302 1273 3364 id
1299 3321 1356 3382 per
1387 3320 1438 3377 que

299 3413 493 3493 adjungitur,
526 3413 607 3495 quod
639 3414 678 3474 ad
707 3416 859 3475 notionem
891 3413 1042 3495 quendam
1069 3412 1192 3472 accedat
1219 3429 1343 3470 necesse
1373 3419 1437 3471 eet:

296 3522 378 3582 Hist.
401 3522 426 3597 1,
441 3523 502 3582 4⁷:
524 3526 638 3584 concedi
656 3545 774 3600 corporo
794 3527 953 3599 sepulturae
973 3525 1142 3598 cremarique
1158 3522 1292 3596 permitit.
1323 3519 1364 3595 ll,
1382 3519 1436 3579 70:

296 3633 438 3692 commotio
458 3635 593 3708 ultor-ioue
614 3635 753 3706 uocemque
773 3634 904 3707 uictimia,
937 3649 977 3690 sc.
999 3630 1029 3689 in
1053 3627 1208 3688 altaribus.
1253 3626 1306 3688 95:
1339 3645 1437 3686 coerce

296 3739 421 3799 victimae
444 3751 639 3814 cremotoeque.
684 3738 763 3798 Anu.
786 3737 826 3811 Π,
852 3740 909 3800 20:
937 3742 1026 3816 loqoto
1047 3740 1136 3796 tradit
1158 3738 1273 3812 equitem
1296 3755 1435 3810 ceorprun·

296 3867 356 3926 que.
401 3848 521 3909 Deinde
543 3848 591 3922 fir,
614 3859 648 3907 ut
669 3857 740 3928 apte
763 3865 829 3907 cum
851 3846 996 3908 vocabulo
1026 3850 1139 3920 imuper
1170 3845 1372 3926 consocietur,
1401 3848 1435 3901 nt

298 3955 400 4017 Germ.
420 3957 477 4018 34:
501 3960 674 4033 ambimuque
694 3959 837 4016 immemor
857 3959 970 4032 irtouqrer
992 3959 1076 4014 locua.
1122 3953 1196 4031 Agr.
1213 3953 1266 4012 22:
1284 3952 1435 4027 ponendu-

297 4085 348 4142 quo
367 4069 480 4140 increper
500 4071 629 4127 coctollia.
674 4063 753 4126 Anu.
773 4065 797 4138 I,
820 4066 857 4124 4:
879 4069 1051 4125 seruiendum
1067 4065 1193 4138 feminee
1214 4065 1371 4135 decoreque
1392 4064 1433 4118 in·

371 4286 396 4348 l)
414 4287 490 4349 Longe
509 4286 599 4350 saepius
619 4292 691 4336 exstat
709 4303 755 4350 oc,
775 4287 802 4338 cl.
820 4284 845 4353 §.
864 4284 887 4336 ³.

369 4381 395 4451 2)
413 4380 478 4442 tem.
497 4380 552 4431 len.
570 4380 617 4442 Vll,
643 4379 691 4430 25:
722 4377 833 4448 Jamque
855 4376 1003 4432 rubescebat
1019 4374 1101 4428 radiis
1124 4389 1195 4426 more
1216 4398 1262 4434 -,
1287 4385 1344 4423 cum
1368 4365 1433 4421 acati

298 4490 404 4542 posuere
421 4473 549 4540 omniaque
566 4481 667 4542 repente
684 4473 776 4523 resedit
791 4473 895 4538 flotus.¹
