3188 5252
903 253 943 312 98

355 432 476 485 lemano
506 427 736 486 conclamabimus
757 434 782 480 et
801 429 935 494 fortunae
958 434 1060 496 captae
1081 426 1177 496 urbia,-
1211 425 1334 484 alteram
1360 424 1504 505 frequen·
1591 399 1592 464 Ι

357 536 404 588 tas
426 528 494 602 loci,
516 528 625 608 quibus
649 549 757 606 agmen
780 528 980 589 membrorum
1004 528 1106 588 verbis
1128 541 1153 590 et
1175 533 1235 602 obii,
1257 542 1283 588 ot
1304 534 1397 601 caari,
1421 531 1506 588 simi·

358 633 437 694 libus
460 633 617 696 clauditur.
660 634 762 713 Atque
790 654 867 696 unus
890 642 1006 696 tantum
1031 636 1182 696 invenitur
1216 638 1299 698 locus
1321 637 1373 697 ubi
1398 638 1429 696 in
1452 638 1509 696 hae

361 742 556 802 commissura
584 741 726 800 omissum
760 748 807 798 eet
830 751 864 814 ot,
895 738 974 813 Anu,
1004 741 1109 815 1v‚.,e
1134 743 1281 818 intelligo,
1311 742 1361 802 ubi
1393 744 1510 822 scripta

362 847 470 910 habes:
500 861 529 911 ut
547 855 691 921 fracmenta
718 857 744 906 et
761 850 899 921 pecuniae
930 851 1086 923 vactipules,
1116 830 1224 908 caan
1233 854 1410 926 publicorum
1429 857 1511 920 finon-
1591 833 1592 910 l

361 965 437 1014 usum
465 956 639 1014 secutatibm
667 955 788 1025 equitum
815 955 1006 1012 Romanorum
1028 957 1214 1027 apitobaatur.
1259 952 1322 1014 Sca
1343 959 1419 1031 puio
1448 973 1509 1013 non

362 1058 506 1121 audacius
529 1059 581 1138 agi
603 1059 629 1116 si
650 1058 740 1120 etiarn
764 1056 814 1116 hic
829 1067 858 1115 ot
879 1069 971 1118 caeru
985 1058 1151 1130 scribimus,
1173 1075 1267 1140 quum
1291 1068 1413 1144 praet-er
1429 1061 1510 1121 hunc

362 1185 454 1224 uuum
486 1163 582 1224 locum
614 1163 742 1240 scriptor
771 1162 803 1220 in
826 1181 863 1220 eo
892 1180 951 1222 usu
973 1155 1104 1243 prorsus*
1126 1163 1183 1224 sibi
1215 1174 1350 1248 constui3
1381 1165 1463 1249 (Sed
1485 1168 1511 1226 si

363 1267 576 1350 praecedentia
598 1268 733 1329 membra
763 1264 931 1340 ἆσυνδέτως
954 1270 1054 1350 positu
1077 1277 1160 1342 sunt,
1184 1270 1276 1330 etiam
1305 1268 1336 1332 id
1360 1269 1442 1352 quud
1465 1289 1511 1328 re·
1591 1293 1592 1344 r

364 1375 477 1454 liquam
502 1372 643 1452 designat
663 1377 729 1436 sine
751 1376 862 1455 copula
884 1373 998 1457 epponi
1022 1380 1131 1452 petest.
1156 1372 1194 1434 ci.
1219 1375 1300 1446 Aua,
1324 1375 1349 1442 Ι,
1374 1377 1409 1434 7:
1432 1396 1512 1432 onm-

364 1485 426 1538 bion
448 1501 530 1540 armo
551 1493 642 1542 cetero
665 1479 768 1564 auiae.)
812 1480 951 1540 Alterum
964 1497 1059 1556 genus
1082 1487 1128 1541 est
1151 1480 1180 1568 si
1199 1480 1394 1560 inpostremo
1417 1500 1512 1540 mem·

365 1587 419 1648 bro
451 1588 543 1648 totius
580 1587 688 1648 ductus
719 1589 805 1668 quasi
836 1607 939 1648 mucro
971 1565 1108 1660 sentitur,
1148 1594 1183 1647 ut
1214 1588 1257 1646 ait
1288 1586 1511 1664 Quinctiliauus
1591 1573 1592 1666 l

365 1689 438 1776 (IX,
461 1695 491 1767 4,
515 1695 579 1770 30).
609 1695 695 1772 cujus
718 1693 860 1772 exempla
882 1694 967 1770 legas
989 1691 1070 1752 Anu.
1092 1691 1120 1764 Ι,
1143 1693 1201 1782 42:
1234 1699 1278 1752 bio
1299 1706 1406 1752 tontum
1427 1699 1511 1754 intor-
1591 1675 1592 1712 Ι

359 1803 412 1874 fici
432 1803 609 1874 eantur-ionae,
637 1803 704 1873 ejici
723 1804 863 1873 tribunos,
893 1802 1003 1858 includi
1023 1802 1136 1873 lepatos,
1167 1802 1273 1870 infecta
1294 1804 1429 1874 sanquine
1451 1822 1512 1857 eoe-

365 1918 411 1964 tra
426 1910 555 1981 fluneinu,
583 1927 678 1982 meque
698 1911 858 1982 precariam
880 1910 1003 1964 animam
1033 1909 1106 1964 inter
1126 1908 1250 1976 insonare
1270 1911 1387 1964 trabere.
1413 1906 1510 1984 ¹Agr.

367 2013 422 2071 36:
448 2015 535 2084 ipitur
556 2022 585 2069 ut
606 2017 715 2070 Bataui
738 2016 850 2070 minuere
871 2015 949 2088 iaus,
970 2015 1059 2082 ferire
1080 2014 1249 2084 umbonibus,
1271 2033 1323 2070 oro
1345 2017 1465 2080 foedare
1486 2024 1512 2070 ot

307 2143 310 2150 ·
366 2121 463 2175 stratio
491 2122 540 2192 qui
561 2122 590 2178 in
620 2139 707 2192 aemio
730 2122 898 2178 obstiterant
927 2121 1031 2190 cripere
1052 2121 1083 2174 in
1105 2121 1187 2176 oollae
1216 2120 1303 2175 anem
1325 2138 1444 2192 coepero.
1470 2153 1512 2162 -
1591 2143 1592 2186 l

367 2225 463 2284 Tertii
486 2223 616 2304 denique
638 2233 745 2284 natura
766 2243 803 2283 eu
826 2232 882 2298 est,
904 2233 938 2283 ut
958 2222 1098 2301 gradatio
1120 2224 1173 2285 illu
1195 2243 1253 2284 nou
1277 2225 1306 2282 in
1332 2242 1424 2288 sensu
1446 2243 1511 2284 ver-

368 2331 472 2392 borum
505 2333 572 2412 ipso
602 2331 701 2411 posita
724 2332 779 2406 sit,
812 2331 865 2390 sed
896 2318 962 2390 'sola
992 2331 1242 2409 pronunciatione
1271 2331 1412 2407 emineat3
1441 2351 1511 2390 num
1591 2353 1592 2368 ¹

366 2438 431 2498 fieri
453 2437 538 2512 solet,
562 2445 595 2496 ut
617 2439 641 2496 si
659 2437 781 2516 longum
805 2438 949 2496 orationis
965 2437 1046 2496 filum
1071 2435 1221 2511 duximus,
1244 2438 1300 2498 sub
1321 2438 1411 2498 finem
1426 2440 1510 2519 paul-

367 2543 460 2604 lulum
493 2563 598 2604 voeem
628 2545 780 2606 tollemus.
823 2541 898 2624 Agr.
935 2547 989 2606 18:
1027 2564 1195 2618 quamquam
1225 2557 1382 2632 tranrueetu
1412 2559 1512 2618 outae,
1591 2591 1592 2614 o

368 2655 463 2726 apursi
479 2673 533 2726 pen
550 2656 727 2728 provinciam
748 2657 865 2728 annueri,
893 2663 1077 2728 proemmpto
1106 2658 1185 2726 opud
1214 2656 1326 2712 militem
1346 2633 1424 2712 uiliore
1446 2657 1515 2712 areni

368 2761 453 2832 quies,
482 2763 569 2814 tarda
596 2769 621 2814 at
649 2762 793 2818 contrario
825 2764 925 2818 bebium
946 2761 1124 2830 inchoaturo,
1156 2768 1189 2814 et
1206 2762 1349 2834 pleriopue
1379 2763 1516 2818 comant

368 2874 496 2940 ausperto
511 2867 608 2937 potina
628 2868 782 2924 videbatur.
807 2898 847 2908 -
871 2865 1031 2924 Postremo
1054 2861 1135 2921 Hist.
1159 2862 1218 2936 ΙΙΙ,
1252 2865 1308 2923 32:
1345 2868 1423 2922 orauit
1444 2869 1513 2924 inei-

369 2972 448 3027 diorn
468 2973 572 3028 editum
593 2973 654 3029 illio
675 2974 825 3032 aOoeoina
845 2975 1035 3046 plautianum
1056 2973 1254 3044 spectaculum,
1277 2973 1429 3042 eodemque
1450 2992 1512 3028 rur-
1591 2961 1592 3048 Ι

369 3097 415 3133 eus
435 3079 606 3150 bellicadro,
635 3087 661 3135 et
678 3081 804 3150 praebiti
830 3081 860 3135 in
882 3081 942 3136 acie
969 3079 1125 3134 Vitellianis
1147 3079 1217 3149 eibi,
1253 3095 1353 3134 eaesae
1373 3081 1513 3148 quondm

363 3182 491 3254 feminae
510 3185 603 3238 studio
623 3187 747 3255 partium
770 3190 810 3244 ari
830 3188 969 3258 praelium
986 3202 1164 3256 proproseae,
1188 3181 1324 3242 ultimum
1347 3179 1513 3238 membrum
1591 3215 1592 3266 Ι

371 3279 535 3360 iambitur
557 3286 726 3366 apponitur.
771 3287 860 3362 Quod
883 3307 952 3346 raro
975 3289 1122 3347 invenias.
1144 3323 1186 3332 —
1591 3269 1592 3292 Ι

800 3447 1085 3460 m

713 3563 882 3642 (ΙΑΡΙΙΤ
937 3563 1184 3654 QUINTUM.

368 3707 371 3712 '
405 3693 407 3698 ’
434 3705 493 3767 ΒΕ
517 3701 836 3768 composueram:
860 3703 1453 3783 annuumuouun,ouunn1u

459 3813 542 3874 Pau
564 3811 829 3875 Pnnmonlms
852 3815 994 3889 amnon,
1027 3811 1193 3888 aunone,
1222 3819 1281 3873 un.
1304 3849 1347 3859 -
1367 3805 1430 3874 'nn

558 3916 665 3980 MIRO
689 3916 843 3981 HARUM
866 3916 1209 3983 PARTIOULARUM
1232 3919 1325 3982 USU.
1416 3918 1419 3925 '

459 4147 640 4221 Particulue,
662 4165 740 4225 quac
766 4153 836 4204 sunt
857 4149 947 4219 etiam,
976 4165 1094 4219 quoque,
1119 4157 1144 4203 et
1166 4143 1337 4220 significent
1360 4138 1437 4202 duae
1460 4163 1517 4216 res,

373 4273 451 4333 quae
482 4240 650 4315 absolutam
684 4263 715 4312 et
739 4253 890 4332 propriam
920 4253 982 4312 viru
1005 4253 1163 4326 retineant,
1194 4251 1271 4311 inter
1304 4268 1338 4310 se
1359 4269 1519 4312 commune
1591 4255 1592 4312 l

373 4361 454 4443 quod
478 4361 600 4424 habere.
645 4359 683 4419 Id
707 4378 779 4419 vero
802 4368 859 4419 'aut
881 4361 911 4420 in
935 4361 1001 4437 ipsa
1024 4360 1160 4418 oratioue
1182 4357 1357 4420 denotatum
1380 4368 1437 4438 cst,
1467 4367 1519 4420 aut
1591 4377 1592 4406 r
