<?xml version="1.0" encoding="UTF-8"?>
<!DOCTYPE html PUBLIC "-//W3C//DTD XHTML 1.0 Transitional//EN"
    "http://www.w3.org/TR/xhtml1/DTD/xhtml1-transitional.dtd">
<html xmlns="http://www.w3.org/1999/xhtml" xml:lang="en" lang="en">
 <head>
  <title>
</title>
<meta http-equiv="Content-Type" content="text/html;charset=utf-8" />
  <meta name='ocr-system' content='tesseract 3.04.00' />
  <meta name='ocr-capabilities' content='ocr_page ocr_carea ocr_par ocr_line ocrx_word'/>
</head>
<body>
  <div class='ocr_page' id='page_1' title='image "./detacitiincompo00spitgoog_0093.png"; bbox 0 0 3188 5252; ppageno 0'>
   <div class='ocr_carea' id='block_1_1' title="bbox 865 239 906 303">
    <p class='ocr_par' dir='ltr' id='par_1_1' title="bbox 865 239 906 303">
     <span class='ocr_line' id='line_1_1' title="bbox 865 239 906 303; baseline -0.073 0"><span class='ocrx_word' id='word_1_1' title='bbox 865 239 906 303; x_wconf 81' lang='lat'><em>82</em></span> 
     </span>
    </p>
   </div>
   <div class='ocr_carea' id='block_1_2' title="bbox 327 407 1475 804">
    <p class='ocr_par' dir='ltr' id='par_1_2' title="bbox 327 407 1475 804">
     <span class='ocr_line' id='line_1_2' title="bbox 412 407 1470 486; baseline 0.001 -15"><span class='ocrx_word' id='word_1_2' title='bbox 412 411 494 472; x_wconf 82' lang='lat' dir='ltr'><em>Hist.</em></span> <span class='ocrx_word' id='word_1_3' title='bbox 517 407 539 486; x_wconf 93' lang='grc' dir='ltr'><em>Ι,</em></span> <span class='ocrx_word' id='word_1_4' title='bbox 563 412 620 471; x_wconf 78' lang='lat'><em>52:</em></span> <span class='ocrx_word' id='word_1_5' title='bbox 649 418 788 486; x_wconf 78' lang='lat' dir='ltr'><em>panderet</em></span> <span class='ocrx_word' id='word_1_6' title='bbox 809 419 892 471; x_wconf 69' lang='lat' dir='ltr'><em>morlo</em></span> <span class='ocrx_word' id='word_1_7' title='bbox 913 417 1002 470; x_wconf 79' lang='lat' dir='ltr'><em>einum</em></span> <span class='ocrx_word' id='word_1_8' title='bbox 1024 423 1049 470; x_wconf 86' lang='lat' dir='ltr'><em>et</em></span> <span class='ocrx_word' id='word_1_9' title='bbox 1070 417 1189 472; x_wconf 76' lang='lat' dir='ltr'><em>uenienti</em></span> <span class='ocrx_word' id='word_1_10' title='bbox 1209 418 1352 473; x_wconf 73' lang='lat' dir='ltr'><em>Fortunae</em></span> <span class='ocrx_word' id='word_1_11' title='bbox 1375 433 1470 472; x_wconf 86' lang='lat' dir='ltr'><em>oeeur-</em></span> 
     </span>
     <span class='ocr_line' id='line_1_3' title="bbox 327 512 1473 596; baseline 0.003 -23"><span class='ocrx_word' id='word_1_12' title='bbox 327 526 417 587; x_wconf 88' lang='lat' dir='ltr'><em>reret‚·</em></span> <span class='ocrx_word' id='word_1_13' title='bbox 446 523 498 574; x_wconf 88' lang='lat' dir='ltr'><em>aut</em></span> <span class='ocrx_word' id='word_1_14' title='bbox 527 534 595 574; x_wconf 87' lang='lat' dir='ltr'><em>cam</em></span> <span class='ocrx_word' id='word_1_15' title='bbox 624 512 738 574; x_wconf 84' lang='lat' dir='ltr'><em>Orellio</em></span> <span class='ocrx_word' id='word_1_16' title='bbox 770 514 976 593; x_wconf 81' lang='lat' dir='ltr'><em>accipiendam</em></span> <span class='ocrx_word' id='word_1_17' title='bbox 1008 513 1046 574; x_wconf 86' lang='lat' dir='ltr'><em>de</em></span> <span class='ocrx_word' id='word_1_18' title='bbox 1079 534 1114 574; x_wconf 89' lang='lat' dir='ltr'><em>eo</em></span> <span class='ocrx_word' id='word_1_19' title='bbox 1145 517 1196 596; x_wconf 79' lang='lat' dir='ltr'><em>qai</em></span> <span class='ocrx_word' id='word_1_20' title='bbox 1218 523 1307 596; x_wconf 83' lang='lat' dir='ltr'><em>togae</em></span> <span class='ocrx_word' id='word_1_21' title='bbox 1329 517 1396 575; x_wconf 80' lang='lat' dir='ltr'><em>elna</em></span> <span class='ocrx_word' id='word_1_22' title='bbox 1421 537 1473 576; x_wconf 84' lang='lat' dir='ltr'><em>ex·</em></span> 
     </span>
     <span class='ocr_line' id='line_1_4' title="bbox 327 617 1475 699; baseline 0.003 -23"><span class='ocrx_word' id='word_1_23' title='bbox 327 638 418 697; x_wconf 74' lang='lat' dir='ltr'><em>paese</em></span> <span class='ocrx_word' id='word_1_24' title='bbox 440 618 480 678; x_wconf 82' lang='lat' dir='ltr'><em>nd</em></span> <span class='ocrx_word' id='word_1_25' title='bbox 503 617 712 698; x_wconf 84' lang='lat' dir='ltr'><em>accipiendum</em></span> <span class='ocrx_word' id='word_1_26' title='bbox 736 617 846 679; x_wconf 86' lang='lat' dir='ltr'><em>donum</em></span> <span class='ocrx_word' id='word_1_27' title='bbox 869 619 1054 698; x_wconf 82' lang='lat' dir='ltr'><em>insperatum</em></span> <span class='ocrx_word' id='word_1_28' title='bbox 1077 618 1128 678; x_wconf 85' lang='lat' dir='ltr'><em>vel</em></span> <span class='ocrx_word' id='word_1_29' title='bbox 1151 620 1242 681; x_wconf 82' lang='lat' dir='ltr'><em>uvido</em></span> <span class='ocrx_word' id='word_1_30' title='bbox 1264 627 1475 699; x_wconf 80' lang='lat' dir='ltr'><em>exspectatum</em></span> 
     </span>
     <span class='ocr_line' id='line_1_5' title="bbox 328 719 1430 804; baseline 0.001 -23"><span class='ocrx_word' id='word_1_31' title='bbox 328 721 447 783; x_wconf 81' lang='lat' dir='ltr'><em>obviam</em></span> <span class='ocrx_word' id='word_1_32' title='bbox 469 723 561 784; x_wconf 84' lang='lat' dir='ltr'><em>currit</em></span> <span class='ocrx_word' id='word_1_33' title='bbox 582 722 626 782; x_wconf 81' lang='lat' dir='ltr'><em>illi</em></span> <span class='ocrx_word' id='word_1_34' title='bbox 649 723 699 803; x_wconf 86' lang='lat' dir='ltr'><em>qai</em></span> <span class='ocrx_word' id='word_1_35' title='bbox 722 721 820 794; x_wconf 81' lang='lat' dir='ltr'><em>offert,</em></span> <span class='ocrx_word' id='word_1_36' title='bbox 843 730 895 780; x_wconf 83' lang='lat' dir='ltr'><em>eut</em></span> <span class='ocrx_word' id='word_1_37' title='bbox 918 721 956 782; x_wconf 86' lang='lat' dir='ltr'><em>de</em></span> <span class='ocrx_word' id='word_1_38' title='bbox 979 722 1053 782; x_wconf 79' lang='lat' dir='ltr'><em>velis</em></span> <span class='ocrx_word' id='word_1_39' title='bbox 1069 719 1229 804; x_wconf 78' lang='lat' dir='ltr'><em>desumpta</em></span> <span class='ocrx_word' id='word_1_40' title='bbox 1251 731 1298 784; x_wconf 83' lang='lat' dir='ltr'><em>eet</em></span> <span class='ocrx_word' id='word_1_41' title='bbox 1319 725 1430 802; x_wconf 80' lang='lat' dir='ltr'><em>imago.</em></span> 
     </span>
    </p>
   </div>
   <div class='ocr_carea' id='block_1_3' title="bbox 308 846 1476 1348">
    <p class='ocr_par' dir='ltr' id='par_1_3' title="bbox 308 846 1476 1142">
     <span class='ocr_line' id='line_1_6' title="bbox 415 846 1474 925; baseline 0.004 -15"><span class='ocrx_word' id='word_1_42' title='bbox 415 851 498 911; x_wconf 79' lang='lat' dir='ltr'><em>Hist.</em></span> <span class='ocrx_word' id='word_1_43' title='bbox 520 846 543 925; x_wconf 90' lang='grc' dir='ltr'><em>Ι,</em></span> <span class='ocrx_word' id='word_1_44' title='bbox 566 851 622 911; x_wconf 81' lang='lat'><em>85:</em></span> <span class='ocrx_word' id='word_1_45' title='bbox 665 857 706 909; x_wconf 80' lang='lat' dir='ltr'><em>ael</em></span> <span class='ocrx_word' id='word_1_46' title='bbox 723 855 951 925; x_wconf 80' lang='lat' dir='ltr'><em>peretrinpendoe</em></span> <span class='ocrx_word' id='word_1_47' title='bbox 985 855 1195 925; x_wconf 67' lang='lat' dir='ltr'><em>mulcendosque</em></span> <span class='ocrx_word' id='word_1_48' title='bbox 1216 855 1333 912; x_wconf 74' lang='lat' dir='ltr'><em>militum</em></span> <span class='ocrx_word' id='word_1_49' title='bbox 1356 858 1474 914; x_wconf 80' lang='lat' dir='ltr'><em>anlmoe.</em></span> 
     </span>
     <span class='ocr_line' id='line_1_7' title="bbox 308 945 1476 1042; baseline -0.004 -22"><span class='ocrx_word' id='word_1_50' title='bbox 308 945 310 952; x_wconf 68' lang='lat'><em>,</em></span> <span class='ocrx_word' id='word_1_51' title='bbox 415 954 466 1042; x_wconf 88' lang='grc' dir='ltr'>ΙΙΙ,</span> <span class='ocrx_word' id='word_1_52' title='bbox 491 963 526 1020; x_wconf 79' lang='lat'><em>2:</em></span> <span class='ocrx_word' id='word_1_53' title='bbox 558 981 631 1019; x_wconf 85' lang='lat' dir='ltr'><em>nune</em></span> <span class='ocrx_word' id='word_1_54' title='bbox 659 963 777 1018; x_wconf 81' lang='lat' dir='ltr'><em>eedeet&#39;m</em></span> <span class='ocrx_word' id='word_1_55' title='bbox 809 963 920 1017; x_wconf 82' lang='lat' dir='ltr'><em>alarum</em></span> <span class='ocrx_word' id='word_1_56' title='bbox 949 961 1096 1030; x_wconf 74' lang='lat' dir='ltr'><em>conjuncta</em></span> <span class='ocrx_word' id='word_1_57' title='bbox 1127 961 1208 1031; x_wconf 78' lang='lat' dir='ltr'><em>elpua</em></span> <span class='ocrx_word' id='word_1_58' title='bbox 1231 991 1269 1002; x_wconf 91' lang='lat'><em>-—</em></span> <span class='ocrx_word' id='word_1_59' title='bbox 1294 961 1419 1031; x_wconf 82' lang='lat' dir='ltr'><em>operient</em></span> <span class='ocrx_word' id='word_1_60' title='bbox 1441 981 1476 1016; x_wconf 85' lang='lat' dir='ltr'><em>aa</em></span> 
     </span>
     <span class='ocr_line' id='line_1_8' title="bbox 327 1053 1132 1142; baseline -0.005 -16"><span class='ocrx_word' id='word_1_61' title='bbox 327 1053 529 1142; x_wconf 64' lang='lat' dir='ltr'><em>superfundent</em></span> <span class='ocrx_word' id='word_1_62' title='bbox 552 1070 649 1126; x_wconf 80' lang='lat' dir='ltr'><em>ollitoe</em></span> <span class='ocrx_word' id='word_1_63' title='bbox 667 1069 842 1140; x_wconf 78' lang='lat' dir='ltr'><em>praeliorum</em></span> <span class='ocrx_word' id='word_1_64' title='bbox 865 1068 968 1138; x_wconf 76' lang='lat' dir='ltr'><em>equitet</em></span> <span class='ocrx_word' id='word_1_65' title='bbox 990 1083 1132 1138; x_wconf 74' lang='lat' dir='ltr'><em>equoeque.</em></span> 
     </span>
    </p>

    <p class='ocr_par' dir='ltr' id='par_1_4' title="bbox 329 1163 1476 1348">
     <span class='ocr_line' id='line_1_9' title="bbox 415 1163 1474 1251; baseline -0.006 -19"><span class='ocrx_word' id='word_1_66' title='bbox 415 1169 467 1251; x_wconf 89' lang='lat' dir='ltr'><em>lV,</em></span> <span class='ocrx_word' id='word_1_67' title='bbox 491 1174 528 1233; x_wconf 77' lang='lat' dir='ltr'><em>&#39;lt</em></span> <span class='ocrx_word' id='word_1_68' title='bbox 557 1184 629 1232; x_wconf 78' lang='lat' dir='ltr'><em>rorte</em></span> <span class='ocrx_word' id='word_1_69' title='bbox 658 1184 683 1231; x_wconf 89' lang='lat' dir='ltr'><em>et</em></span> <span class='ocrx_word' id='word_1_70' title='bbox 713 1193 787 1230; x_wconf 83' lang='lat' dir='ltr'><em>euna</em></span> <span class='ocrx_word' id='word_1_71' title='bbox 807 1190 894 1230; x_wconf 83' lang='lat' dir='ltr'><em>moret</em></span> <span class='ocrx_word' id='word_1_72' title='bbox 922 1191 977 1228; x_wconf 85' lang='lat' dir='ltr'><em>non</em></span> <span class='ocrx_word' id='word_1_73' title='bbox 1006 1173 1134 1228; x_wconf 70' lang='lat' dir='ltr'><em>discerni.</em></span> <span class='ocrx_word' id='word_1_74' title='bbox 1189 1169 1281 1246; x_wconf 83' lang='lat' dir='ltr'><em>Verg.</em></span> <span class='ocrx_word' id='word_1_75' title='bbox 1321 1171 1399 1230; x_wconf 84' lang='lat' dir='ltr'><em>Aen.</em></span> <span class='ocrx_word' id='word_1_76' title='bbox 1422 1163 1474 1238; x_wconf 88' lang='lat' dir='ltr'><em>Vl,</em></span> 
     </span>
     <span class='ocr_line' id='line_1_10' title="bbox 329 1277 1476 1348; baseline -0.003 -12"><span class='ocrx_word' id='word_1_77' title='bbox 329 1279 407 1338; x_wconf 84' lang='lat'>430:</span> <span class='ocrx_word' id='word_1_78' title='bbox 441 1297 490 1337; x_wconf 87' lang='lat' dir='ltr'><em>nee</em></span> <span class='ocrx_word' id='word_1_79' title='bbox 516 1298 580 1336; x_wconf 84' lang='lat' dir='ltr'><em>uero</em></span> <span class='ocrx_word' id='word_1_80' title='bbox 608 1282 661 1336; x_wconf 80' lang='lat' dir='ltr'><em>lae</em></span> <span class='ocrx_word' id='word_1_81' title='bbox 691 1281 749 1337; x_wconf 82' lang='lat' dir='ltr'><em>elne</em></span> <span class='ocrx_word' id='word_1_82' title='bbox 770 1287 843 1336; x_wconf 80' lang='lat' dir='ltr'><em>torte</em></span> <span class='ocrx_word' id='word_1_83' title='bbox 864 1280 958 1348; x_wconf 80' lang='lat' dir='ltr'><em>datae,</em></span> <span class='ocrx_word' id='word_1_84' title='bbox 988 1277 1046 1332; x_wconf 81' lang='lat' dir='ltr'><em>aine</em></span> <span class='ocrx_word' id='word_1_85' title='bbox 1062 1277 1169 1348; x_wconf 74' lang='lat' dir='ltr'><em>judice,</em></span> <span class='ocrx_word' id='word_1_86' title='bbox 1199 1281 1293 1336; x_wconf 72' lang='lat' dir='ltr'><em>eedem</em></span> <span class='ocrx_word' id='word_1_87' title='bbox 1327 1278 1476 1341; x_wconf 72' lang='lat' dir='ltr'><em>mnemo-</em></span> 
     </span>
    </p>
   </div>
   <div class='ocr_carea' id='block_1_4' title="bbox 329 1390 924 1456">
    <p class='ocr_par' dir='ltr' id='par_1_5' title="bbox 329 1390 924 1456">
     <span class='ocr_line' id='line_1_11' title="bbox 329 1390 924 1456; baseline -0.003 -13"><span class='ocrx_word' id='word_1_88' title='bbox 329 1390 423 1445; x_wconf 83' lang='lat' dir='ltr'><em>Me&#39;noe</em></span> <span class='ocrx_word' id='word_1_89' title='bbox 443 1406 544 1444; x_wconf 89' lang='lat' dir='ltr'><em>urnam</em></span> <span class='ocrx_word' id='word_1_90' title='bbox 564 1395 659 1443; x_wconf 84' lang='lat' dir='ltr'><em>mouet.</em></span> <span class='ocrx_word' id='word_1_91' title='bbox 916 1425 924 1456; x_wconf 78' lang='grc'><em>,</em></span> 
     </span>
    </p>
   </div>
   <div class='ocr_carea' id='block_1_5' title="bbox 279 1509 1475 2657">
    <p class='ocr_par' dir='ltr' id='par_1_6' title="bbox 326 1509 1475 1786">
     <span class='ocr_line' id='line_1_12' title="bbox 413 1509 1475 1587; baseline -0.002 -14"><span class='ocrx_word' id='word_1_92' title='bbox 413 1509 467 1587; x_wconf 87' lang='lat' dir='ltr'><em>lV,</em></span> <span class='ocrx_word' id='word_1_93' title='bbox 489 1515 543 1572; x_wconf 79' lang='lat'><em>23:</em></span> <span class='ocrx_word' id='word_1_94' title='bbox 567 1517 669 1587; x_wconf 79' lang='lat' dir='ltr'><em>quippe</em></span> <span class='ocrx_word' id='word_1_95' title='bbox 691 1515 749 1572; x_wconf 76' lang='lat' dir='ltr'><em>itta</em></span> <span class='ocrx_word' id='word_1_96' title='bbox 772 1515 894 1570; x_wconf 78' lang='lat' dir='ltr'><em>hibernie</em></span> <span class='ocrx_word' id='word_1_97' title='bbox 917 1513 1039 1569; x_wconf 76' lang='lat' dir='ltr'><em>olelrlere&#39;</em></span> <span class='ocrx_word' id='word_1_98' title='bbox 1058 1513 1203 1584; x_wconf 76' lang='lat' dir='ltr'><em>premique</em></span> <span class='ocrx_word' id='word_1_99' title='bbox 1225 1515 1393 1571; x_wconf 75' lang='lat' dir='ltr'><em>Germaniae</em></span> <span class='ocrx_word' id='word_1_100' title='bbox 1415 1519 1475 1571; x_wconf 83' lang='lat' dir='ltr'><em>Au-</em></span> 
     </span>
     <span class='ocr_line' id='line_1_13' title="bbox 326 1612 1474 1696; baseline -0.002 -17"><span class='ocrx_word' id='word_1_101' title='bbox 326 1631 420 1694; x_wconf 75' lang='lat' dir='ltr'><em>puetue</em></span> <span class='ocrx_word' id='word_1_102' title='bbox 442 1624 607 1679; x_wconf 73' lang='lat' dir='ltr'><em>menidam.</em></span> <span class='ocrx_word' id='word_1_103' title='bbox 654 1617 748 1696; x_wconf 86' lang='lat' dir='ltr'><em>Verg.</em></span> <span class='ocrx_word' id='word_1_104' title='bbox 771 1617 849 1678; x_wconf 83' lang='lat' dir='ltr'><em>Aen.</em></span> <span class='ocrx_word' id='word_1_105' title='bbox 873 1612 909 1690; x_wconf 89' lang='lat' dir='ltr'><em>ll,</em></span> <span class='ocrx_word' id='word_1_106' title='bbox 935 1618 1012 1677; x_wconf 80' lang='lat'><strong>332:</strong></span> <span class='ocrx_word' id='word_1_107' title='bbox 1038 1621 1174 1677; x_wconf 79' lang='lat' dir='ltr'><em>Obeedere</em></span> <span class='ocrx_word' id='word_1_108' title='bbox 1196 1621 1251 1678; x_wconf 82' lang='lat' dir='ltr'><em>alti</em></span> <span class='ocrx_word' id='word_1_109' title='bbox 1270 1623 1332 1678; x_wconf 77' lang='lat' dir='ltr'><em>tella</em></span> <span class='ocrx_word' id='word_1_110' title='bbox 1353 1632 1474 1694; x_wconf 69' lang='lat' dir='ltr'><em>napata</em></span> 
     </span>
     <span class='ocr_line' id='line_1_14' title="bbox 326 1730 444 1786; baseline 0 -2"><span class='ocrx_word' id='word_1_111' title='bbox 326 1730 444 1786; x_wconf 83' lang='lat' dir='ltr'><em>olerum.</em></span> 
     </span>
    </p>

    <p class='ocr_par' dir='ltr' id='par_1_7' title="bbox 279 1827 1473 2657">
     <span class='ocr_line' id='line_1_15' title="bbox 413 1827 1473 1908; baseline 0.001 -17"><span class='ocrx_word' id='word_1_112' title='bbox 413 1827 466 1905; x_wconf 73' lang='grc' dir='ltr'>ΙΙΙ,</span> <span class='ocrx_word' id='word_1_113' title='bbox 478 1831 534 1892; x_wconf 83' lang='lat'><em>58:</em></span> <span class='ocrx_word' id='word_1_114' title='bbox 557 1837 583 1891; x_wconf 86' lang='lat' dir='ltr'><em>ei</em></span> <span class='ocrx_word' id='word_1_115' title='bbox 603 1835 678 1890; x_wconf 83' lang='lat' dir='ltr'><em>oobr&#39;e</em></span> <span class='ocrx_word' id='word_1_116' title='bbox 699 1851 754 1890; x_wconf 89' lang='lat' dir='ltr'><em>non</em></span> <span class='ocrx_word' id='word_1_117' title='bbox 769 1833 831 1902; x_wconf 79' lang='lat' dir='ltr'><em>fait</em></span> <span class='ocrx_word' id='word_1_118' title='bbox 854 1835 935 1889; x_wconf 73' lang='lat' dir='ltr'><em>conell</em></span> <span class='ocrx_word' id='word_1_119' title='bbox 956 1851 998 1889; x_wconf 90' lang='lat' dir='ltr'><em>me</em></span> <span class='ocrx_word' id='word_1_120' title='bbox 1009 1837 1079 1890; x_wconf 86' lang='lat' dir='ltr'><em>duee</em></span> <span class='ocrx_word' id='word_1_121' title='bbox 1101 1835 1170 1890; x_wconf 82' lang='lat' dir='ltr'><em>laea</em></span> <span class='ocrx_word' id='word_1_122' title='bbox 1191 1843 1286 1890; x_wconf 78' lang='lat' dir='ltr'><em>taetro</em></span> <span class='ocrx_word' id='word_1_123' title='bbox 1306 1837 1473 1908; x_wconf 79' lang='lat' dir='ltr'><em>incorrupte</em></span> 
     </span>
     <span class='ocr_line' id='line_1_16' title="bbox 326 1939 1471 2012; baseline 0.002 -14"><span class='ocrx_word' id='word_1_124' title='bbox 326 1951 351 1998; x_wconf 90' lang='lat' dir='ltr'><em>et</em></span> <span class='ocrx_word' id='word_1_125' title='bbox 370 1941 657 2012; x_wconf 82' lang='lat' dir='ltr'><em>intemerataeeraarl,</em></span> <span class='ocrx_word' id='word_1_126' title='bbox 681 1947 711 1996; x_wconf 92' lang='lat' dir='ltr'><em>at</em></span> <span class='ocrx_word' id='word_1_127' title='bbox 732 1947 803 1996; x_wconf 86' lang='lat' dir='ltr'><em>aerte</em></span> <span class='ocrx_word' id='word_1_128' title='bbox 823 1940 918 2010; x_wconf 79' lang='lat' dir='ltr'><em>pollui</em></span> <span class='ocrx_word' id='word_1_129' title='bbox 933 1941 1106 2012; x_wconf 70' lang='lat' dir='ltr'><em>saeclumque</em></span> <span class='ocrx_word' id='word_1_130' title='bbox 1129 1971 1169 1984; x_wconf 83' lang='lat'><em>-</em></span> <span class='ocrx_word' id='word_1_131' title='bbox 1192 1959 1226 1997; x_wconf 89' lang='lat' dir='ltr'><em>ne</em></span> <span class='ocrx_word' id='word_1_132' title='bbox 1247 1942 1353 1999; x_wconf 77' lang='lat' dir='ltr'><em>elnatr&#39;e.</em></span> <span class='ocrx_word' id='word_1_133' title='bbox 1392 1939 1471 2000; x_wconf 87' lang='lat' dir='ltr'><em>Poe·</em></span> 
     </span>
     <span class='ocr_line' id='line_1_17' title="bbox 325 2039 1472 2124; baseline 0.001 -18"><span class='ocrx_word' id='word_1_134' title='bbox 325 2047 386 2106; x_wconf 83' lang='lat' dir='ltr'><em>tica</em></span> <span class='ocrx_word' id='word_1_135' title='bbox 413 2044 468 2106; x_wconf 80' lang='lat' dir='ltr'><em>eibi</em></span> <span class='ocrx_word' id='word_1_136' title='bbox 501 2063 556 2124; x_wconf 88' lang='lat' dir='ltr'><em>per</em></span> <span class='ocrx_word' id='word_1_137' title='bbox 587 2043 752 2104; x_wconf 83' lang='lat' dir='ltr'><em>chinemum</em></span> <span class='ocrx_word' id='word_1_138' title='bbox 776 2041 971 2121; x_wconf 82' lang='lat' dir='ltr'><em>respondent.</em></span> <span class='ocrx_word' id='word_1_139' title='bbox 1014 2043 1105 2120; x_wconf 83' lang='lat' dir='ltr'><em>Verg.</em></span> <span class='ocrx_word' id='word_1_140' title='bbox 1128 2041 1206 2107; x_wconf 82' lang='lat' dir='ltr'><em>Aen.</em></span> <span class='ocrx_word' id='word_1_141' title='bbox 1229 2039 1265 2124; x_wconf 90' lang='grc' dir='ltr'><em>ΙΙ,</em></span> <span class='ocrx_word' id='word_1_142' title='bbox 1295 2046 1385 2122; x_wconf 76' lang='grc' dir='ltr'><em>142εΙ</em></span> <span class='ocrx_word' id='word_1_143' title='bbox 1407 2051 1472 2120; x_wconf 84' lang='lat' dir='ltr'><em>Per,</em></span> 
     </span>
     <span class='ocr_line' id='line_1_18' title="bbox 325 2152 1471 2230; baseline 0.002 -18"><span class='ocrx_word' id='word_1_144' title='bbox 325 2159 352 2212; x_wconf 81' lang='lat' dir='ltr'><em>et</em></span> <span class='ocrx_word' id='word_1_145' title='bbox 371 2175 428 2230; x_wconf 78' lang='lat' dir='ltr'><em>qna</em></span> <span class='ocrx_word' id='word_1_146' title='bbox 449 2163 497 2227; x_wconf 82' lang='lat' dir='ltr'><em>eet,</em></span> <span class='ocrx_word' id='word_1_147' title='bbox 524 2172 596 2226; x_wconf 77' lang='lat' dir='ltr'><em>quae</em></span> <span class='ocrx_word' id='word_1_148' title='bbox 616 2161 698 2210; x_wconf 84' lang='lat' dir='ltr'><em>reatet</em></span> <span class='ocrx_word' id='word_1_149' title='bbox 728 2154 820 2209; x_wconf 77' lang='lat' dir='ltr'><em>adhue</em></span> <span class='ocrx_word' id='word_1_150' title='bbox 860 2152 1023 2210; x_wconf 74' lang='lat' dir='ltr'><em>mortalibus</em></span> <span class='ocrx_word' id='word_1_151' title='bbox 1050 2173 1167 2226; x_wconf 77' lang='lat' dir='ltr'><em>utquam</em></span> <span class='ocrx_word' id='word_1_152' title='bbox 1193 2157 1364 2211; x_wconf 85' lang='lat' dir='ltr'><em>Intemerata</em></span> <span class='ocrx_word' id='word_1_153' title='bbox 1387 2161 1471 2227; x_wconf 75' lang='lat' dir='ltr'><em>fider,</em></span> 
     </span>
     <span class='ocr_line' id='line_1_19' title="bbox 327 2253 1473 2333; baseline 0.002 -13"><span class='ocrx_word' id='word_1_154' title='bbox 327 2261 405 2320; x_wconf 85' lang='lat' dir='ltr'><em>Aen.</em></span> <span class='ocrx_word' id='word_1_155' title='bbox 428 2253 494 2332; x_wconf 79' lang='lat' dir='ltr'><em>Vll,</em></span> <span class='ocrx_word' id='word_1_156' title='bbox 525 2259 605 2318; x_wconf 81' lang='lat'><strong>467:</strong></span> <span class='ocrx_word' id='word_1_157' title='bbox 642 2264 719 2331; x_wconf 73' lang='lat' dir='ltr'><em>Enpo</em></span> <span class='ocrx_word' id='word_1_158' title='bbox 740 2261 793 2316; x_wconf 85' lang='lat' dir='ltr'><em>iter</em></span> <span class='ocrx_word' id='word_1_159' title='bbox 817 2263 858 2316; x_wconf 84' lang='lat' dir='ltr'><em>acl</em></span> <span class='ocrx_word' id='word_1_160' title='bbox 878 2279 967 2332; x_wconf 76' lang='lat' dir='ltr'><em>repom</em></span> <span class='ocrx_word' id='word_1_161' title='bbox 985 2262 1098 2332; x_wconf 85' lang='lat' dir='ltr'><em>polluta</em></span> <span class='ocrx_word' id='word_1_162' title='bbox 1115 2280 1188 2333; x_wconf 88' lang='lat' dir='ltr'><em>paee</em></span> <span class='ocrx_word' id='word_1_163' title='bbox 1209 2264 1343 2318; x_wconf 77' lang='lat' dir='ltr'><em>Latinum</em></span> <span class='ocrx_word' id='word_1_164' title='bbox 1364 2266 1473 2322; x_wconf 77' lang='lat' dir='ltr'><em>Indicit</em></span> 
     </span>
     <span class='ocr_line' id='line_1_20' title="bbox 279 2365 1471 2444; baseline 0.003 -18"><span class='ocrx_word' id='word_1_165' title='bbox 279 2389 283 2396; x_wconf 89' lang='lat'>·</span> <span class='ocrx_word' id='word_1_166' title='bbox 321 2372 424 2443; x_wconf 73' lang='lat' dir='ltr'><em>prtmie</em></span> <span class='ocrx_word' id='word_1_167' title='bbox 449 2373 591 2441; x_wconf 82' lang='lat' dir='ltr'><em>juvenum.</em></span> <span class='ocrx_word' id='word_1_168' title='bbox 648 2365 698 2425; x_wconf 81' lang='lat' dir='ltr'><em>Ex</em></span> <span class='ocrx_word' id='word_1_169' title='bbox 734 2366 800 2444; x_wconf 84' lang='lat' dir='ltr'><em>ipso</em></span> <span class='ocrx_word' id='word_1_170' title='bbox 836 2365 945 2425; x_wconf 84' lang='lat' dir='ltr'><em>Tacito</em></span> <span class='ocrx_word' id='word_1_171' title='bbox 984 2365 1072 2444; x_wconf 83' lang='lat' dir='ltr'><em>plara</em></span> <span class='ocrx_word' id='word_1_172' title='bbox 1094 2365 1215 2444; x_wconf 84' lang='lat' dir='ltr'><em>collegit</em></span> <span class='ocrx_word' id='word_1_173' title='bbox 1251 2366 1471 2430; x_wconf 83' lang='lat' dir='ltr'><em>Boettieherne.</em></span> 
     </span>
     <span class='ocr_line' id='line_1_21' title="bbox 324 2471 1472 2554; baseline 0.001 -18"><span class='ocrx_word' id='word_1_174' title='bbox 324 2477 397 2537; x_wconf 82' lang='lat' dir='ltr'><em>Hist</em></span> <span class='ocrx_word' id='word_1_175' title='bbox 433 2475 470 2548; x_wconf 84' lang='lat' dir='ltr'><em>V,</em></span> <span class='ocrx_word' id='word_1_176' title='bbox 503 2476 561 2534; x_wconf 88' lang='lat'><em>18:</em></span> <span class='ocrx_word' id='word_1_177' title='bbox 585 2477 744 2550; x_wconf 81' lang='lat' dir='ltr'><em>fluitantem</em></span> <span class='ocrx_word' id='word_1_178' title='bbox 774 2477 969 2548; x_wconf 76' lang='lat' dir='ltr'><em>labantemque</em></span> <span class='ocrx_word' id='word_1_179' title='bbox 990 2477 1110 2532; x_wconf 80' lang='lat' dir='ltr'><em>militem.</em></span> <span class='ocrx_word' id='word_1_180' title='bbox 1155 2473 1232 2537; x_wconf 84' lang='lat' dir='ltr'><em>Hor.</em></span> <span class='ocrx_word' id='word_1_181' title='bbox 1258 2475 1344 2554; x_wconf 80' lang='lat' dir='ltr'><strong>epist.</strong></span> <span class='ocrx_word' id='word_1_182' title='bbox 1366 2471 1389 2550; x_wconf 88' lang='grc' dir='ltr'><em>Ι,</em></span> <span class='ocrx_word' id='word_1_183' title='bbox 1420 2482 1472 2554; x_wconf 85' lang='grc'><em>18,</em></span> 
     </span>
     <span class='ocr_line' id='line_1_22' title="bbox 326 2575 1376 2657; baseline 0.002 -15"><span class='ocrx_word' id='word_1_184' title='bbox 326 2587 405 2644; x_wconf 82' lang='grc' dir='ltr'><em>11οι</em></span> <span class='ocrx_word' id='word_1_185' title='bbox 428 2579 480 2641; x_wconf 78' lang='lat' dir='ltr'><em>n&#39;eu</em></span> <span class='ocrx_word' id='word_1_186' title='bbox 497 2585 607 2657; x_wconf 80' lang='lat' dir='ltr'><em>fluitem</em></span> <span class='ocrx_word' id='word_1_187' title='bbox 631 2585 735 2640; x_wconf 82' lang='lat' dir='ltr'><em>dullue</em></span> <span class='ocrx_word' id='word_1_188' title='bbox 757 2601 805 2655; x_wconf 83' lang='lat' dir='ltr'><em>epe</em></span> <span class='ocrx_word' id='word_1_189' title='bbox 823 2586 965 2655; x_wconf 76' lang='lat' dir='ltr'><em>pendulae</em></span> <span class='ocrx_word' id='word_1_190' title='bbox 986 2584 1072 2639; x_wconf 79' lang='lat' dir='ltr'><em>lirae.</em></span> <span class='ocrx_word' id='word_1_191' title='bbox 1096 2579 1135 2640; x_wconf 83' lang='lat' dir='ltr'><em>cf.</em></span> <span class='ocrx_word' id='word_1_192' title='bbox 1158 2581 1241 2642; x_wconf 83' lang='lat' dir='ltr'><em>Eiet.</em></span> <span class='ocrx_word' id='word_1_193' title='bbox 1265 2575 1302 2656; x_wconf 84' lang='lat' dir='ltr'><em>ll,</em></span> <span class='ocrx_word' id='word_1_194' title='bbox 1325 2585 1376 2644; x_wconf 84' lang='lat'><em>93.</em></span> 
     </span>
    </p>
   </div>
   <div class='ocr_carea' id='block_1_6' title="bbox 317 2705 1507 3982">
    <p class='ocr_par' dir='ltr' id='par_1_8' title="bbox 321 2705 1470 3224">
     <span class='ocr_line' id='line_1_23' title="bbox 412 2705 1470 2789; baseline 0.007 -20"><span class='ocrx_word' id='word_1_195' title='bbox 412 2710 493 2770; x_wconf 84' lang='lat' dir='ltr'><em>Ann.</em></span> <span class='ocrx_word' id='word_1_196' title='bbox 516 2705 538 2789; x_wconf 91' lang='grc' dir='ltr'><em>Ι,</em></span> <span class='ocrx_word' id='word_1_197' title='bbox 561 2712 617 2770; x_wconf 81' lang='lat'><em>28:</em></span> <span class='ocrx_word' id='word_1_198' title='bbox 640 2722 745 2770; x_wconf 73' lang='lat' dir='ltr'><em>noctem</em></span> <span class='ocrx_word' id='word_1_199' title='bbox 767 2715 900 2769; x_wconf 81' lang='lat' dir='ltr'><em>minacem</em></span> <span class='ocrx_word' id='word_1_200' title='bbox 922 2723 947 2768; x_wconf 88' lang='lat' dir='ltr'><em>et</em></span> <span class='ocrx_word' id='word_1_201' title='bbox 972 2713 1003 2766; x_wconf 82' lang='lat' dir='ltr'><em>tn</em></span> <span class='ocrx_word' id='word_1_202' title='bbox 1022 2715 1112 2768; x_wconf 85' lang='lat' dir='ltr'><em>eaelue</em></span> <span class='ocrx_word' id='word_1_203' title='bbox 1132 2723 1300 2786; x_wconf 78' lang='lat' dir='ltr'><em>erupturam.</em></span> <span class='ocrx_word' id='word_1_204' title='bbox 1325 2711 1381 2775; x_wconf 84' lang='lat' dir='ltr'><em>Ov.</em></span> <span class='ocrx_word' id='word_1_205' title='bbox 1395 2715 1470 2776; x_wconf 85' lang='lat' dir='ltr'><em>Her.</em></span> 
     </span>
     <span class='ocr_line' id='line_1_24' title="bbox 328 2820 1469 2900; baseline 0.002 -20"><span class='ocrx_word' id='word_1_206' title='bbox 328 2821 378 2900; x_wconf 86' lang='lat'><em>18,</em></span> <span class='ocrx_word' id='word_1_207' title='bbox 402 2820 459 2878; x_wconf 80' lang='lat'><em>85:</em></span> <span class='ocrx_word' id='word_1_208' title='bbox 482 2823 557 2877; x_wconf 87' lang='lat' dir='ltr'><em>Nam</em></span> <span class='ocrx_word' id='word_1_209' title='bbox 580 2824 690 2877; x_wconf 84' lang='lat' dir='ltr'><em>memlm&#39;</em></span> <span class='ocrx_word' id='word_1_210' title='bbox 712 2840 772 2878; x_wconf 86' lang='lat' dir='ltr'><em>eune</em></span> <span class='ocrx_word' id='word_1_211' title='bbox 792 2831 818 2876; x_wconf 92' lang='lat' dir='ltr'><em>te</em></span> <span class='ocrx_word' id='word_1_212' title='bbox 838 2839 950 2876; x_wconf 82' lang='lat' dir='ltr'><em>euenum</em></span> <span class='ocrx_word' id='word_1_213' title='bbox 972 2823 1094 2877; x_wconf 78' lang='lat' dir='ltr'><em>ueniente</em></span> <span class='ocrx_word' id='word_1_214' title='bbox 1115 2823 1262 2894; x_wconf 70' lang='lat' dir='ltr'><em>minonem</em></span> <span class='ocrx_word' id='word_1_215' title='bbox 1282 2825 1348 2880; x_wconf 87' lang='lat' dir='ltr'><em>Non</em></span> <span class='ocrx_word' id='word_1_216' title='bbox 1369 2828 1469 2899; x_wconf 67' lang='lat' dir='ltr'><em>nanus,</em></span> 
     </span>
     <span class='ocr_line' id='line_1_25' title="bbox 324 2920 1470 3004; baseline 0.003 -19"><span class='ocrx_word' id='word_1_217' title='bbox 324 2939 372 2985; x_wconf 89' lang='lat' dir='ltr'><em>aut</em></span> <span class='ocrx_word' id='word_1_218' title='bbox 393 2931 478 2985; x_wconf 88' lang='lat' dir='ltr'><em>multo</em></span> <span class='ocrx_word' id='word_1_219' title='bbox 500 2947 555 2986; x_wconf 91' lang='lat' dir='ltr'><em>non</em></span> <span class='ocrx_word' id='word_1_220' title='bbox 576 2932 666 2986; x_wconf 82' lang='lat' dir='ltr'><em>minue</em></span> <span class='ocrx_word' id='word_1_221' title='bbox 689 2946 792 3000; x_wconf 80' lang='lat' dir='ltr'><em>aequor</em></span> <span class='ocrx_word' id='word_1_222' title='bbox 814 2937 881 2984; x_wconf 88' lang='lat' dir='ltr'><em>eret.</em></span> <span class='ocrx_word' id='word_1_223' title='bbox 905 2932 963 2985; x_wconf 84' lang='lat' dir='ltr'><em>eet.</em></span> <span class='ocrx_word' id='word_1_224' title='bbox 993 2925 1085 2984; x_wconf 85' lang='lat' dir='ltr'><em>Triet.</em></span> <span class='ocrx_word' id='word_1_225' title='bbox 1109 2920 1131 2998; x_wconf 93' lang='grc' dir='ltr'><em>Ι,</em></span> <span class='ocrx_word' id='word_1_226' title='bbox 1155 2928 1184 2999; x_wconf 78' lang='lat'><em>2,</em></span> <span class='ocrx_word' id='word_1_227' title='bbox 1208 2927 1262 2986; x_wconf 78' lang='lat'><em>23:</em></span> <span class='ocrx_word' id='word_1_228' title='bbox 1296 2929 1470 3004; x_wconf 66' lang='lat' dir='ltr'><em>Quacumque</em></span> 
     </span>
     <span class='ocr_line' id='line_1_26' title="bbox 322 3035 1469 3109; baseline 0.005 -17"><span class='ocrx_word' id='word_1_229' title='bbox 322 3037 449 3108; x_wconf 71' lang='lat' dir='ltr'><em>(repieta,</em></span> <span class='ocrx_word' id='word_1_230' title='bbox 466 3037 537 3092; x_wconf 76' lang='lat' dir='ltr'><em>nitu</em></span> <span class='ocrx_word' id='word_1_231' title='bbox 567 3045 605 3092; x_wconf 86' lang='lat' dir='ltr'><em>eet</em></span> <span class='ocrx_word' id='word_1_232' title='bbox 628 3037 684 3092; x_wconf 80' lang='lat' dir='ltr'><em>niel</em></span> <span class='ocrx_word' id='word_1_233' title='bbox 700 3044 804 3106; x_wconf 69' lang='lat' dir='ltr'><em>pontus</em></span> <span class='ocrx_word' id='word_1_234' title='bbox 826 3044 851 3091; x_wconf 90' lang='lat' dir='ltr'><em>et</em></span> <span class='ocrx_word' id='word_1_235' title='bbox 873 3053 929 3106; x_wconf 84' lang='lat' dir='ltr'><em>aar,</em></span> <span class='ocrx_word' id='word_1_236' title='bbox 952 3035 1098 3092; x_wconf 73' lang='lat' dir='ltr'><em>Fluctibue</em></span> <span class='ocrx_word' id='word_1_237' title='bbox 1127 3036 1171 3091; x_wconf 84' lang='lat' dir='ltr'><em>lte&#39;e</em></span> <span class='ocrx_word' id='word_1_238' title='bbox 1192 3037 1322 3109; x_wconf 80' lang='lat' dir='ltr'><em>tumidae,</em></span> <span class='ocrx_word' id='word_1_239' title='bbox 1352 3041 1469 3098; x_wconf 69' lang='lat' dir='ltr'><em>membru</em></span> 
     </span>
     <span class='ocr_line' id='line_1_27' title="bbox 321 3145 812 3224; baseline 0.002 -26"><span class='ocrx_word' id='word_1_240' title='bbox 321 3145 369 3200; x_wconf 79' lang='lat' dir='ltr'><em>ille</em></span> <span class='ocrx_word' id='word_1_241' title='bbox 390 3145 492 3200; x_wconf 79' lang='lat' dir='ltr'><em>minae.</em></span> <span class='ocrx_word' id='word_1_242' title='bbox 810 3219 812 3224; x_wconf 68' lang='lat'>,</span> 
     </span>
    </p>

    <p class='ocr_par' dir='ltr' id='par_1_9' title="bbox 319 3243 1507 3650">
     <span class='ocr_line' id='line_1_28' title="bbox 409 3243 1466 3327; baseline 0.008 -19"><span class='ocrx_word' id='word_1_243' title='bbox 409 3250 489 3310; x_wconf 86' lang='lat' dir='ltr'><em>Ana.</em></span> <span class='ocrx_word' id='word_1_244' title='bbox 511 3243 534 3323; x_wconf 70' lang='grc' dir='ltr'>Ι,</span> <span class='ocrx_word' id='word_1_245' title='bbox 556 3249 614 3308; x_wconf 79' lang='lat'><em>47:</em></span> <span class='ocrx_word' id='word_1_246' title='bbox 636 3253 775 3308; x_wconf 79' lang='lat' dir='ltr'><em>immotum</em></span> <span class='ocrx_word' id='word_1_247' title='bbox 791 3255 939 3322; x_wconf 76' lang='lat' dir='ltr'><em>flauaque.</em></span> <span class='ocrx_word' id='word_1_248' title='bbox 986 3245 1119 3307; x_wconf 83' lang='lat' dir='ltr'><em>Orelliae</em></span> <span class='ocrx_word' id='word_1_249' title='bbox 1140 3247 1267 3310; x_wconf 83' lang='lat' dir='ltr'><em>confert.</em></span> <span class='ocrx_word' id='word_1_250' title='bbox 1278 3248 1369 3327; x_wconf 74' lang='lat' dir='ltr'><em>vag.</em></span> <span class='ocrx_word' id='word_1_251' title='bbox 1386 3251 1466 3316; x_wconf 83' lang='lat' dir='ltr'><em>Aen.</em></span> 
     </span>
     <span class='ocr_line' id='line_1_29' title="bbox 324 3351 1466 3428; baseline 0.005 -14"><span class='ocrx_word' id='word_1_252' title='bbox 324 3351 443 3427; x_wconf 79' lang='lat' dir='ltr'><em>tv,1t:</em></span> <span class='ocrx_word' id='word_1_253' title='bbox 478 3359 504 3413; x_wconf 70' lang='grc' dir='ltr'><em>εἰ</em></span> <span class='ocrx_word' id='word_1_254' title='bbox 519 3357 588 3412; x_wconf 81' lang='lat' dir='ltr'><em>milu&#39;</em></span> <span class='ocrx_word' id='word_1_255' title='bbox 607 3375 662 3413; x_wconf 88' lang='lat' dir='ltr'><em>non</em></span> <span class='ocrx_word' id='word_1_256' title='bbox 684 3359 776 3414; x_wconf 84' lang='lat' dir='ltr'><em>animo</em></span> <span class='ocrx_word' id='word_1_257' title='bbox 792 3361 881 3428; x_wconf 81' lang='lat' dir='ltr'><em>fletum</em></span> <span class='ocrx_word' id='word_1_258' title='bbox 903 3357 1095 3427; x_wconf 78' lang='lat' dir='ltr'><em>immotumque</em></span> <span class='ocrx_word' id='word_1_259' title='bbox 1111 3359 1224 3412; x_wconf 79' lang='lat' dir='ltr'><em>aedmet.</em></span> <span class='ocrx_word' id='word_1_260' title='bbox 1247 3388 1288 3397; x_wconf 91' lang='lat'>—</span> <span class='ocrx_word' id='word_1_261' title='bbox 1312 3354 1374 3415; x_wconf 81' lang='lat' dir='ltr'><em>Sed</em></span> <span class='ocrx_word' id='word_1_262' title='bbox 1385 3357 1466 3420; x_wconf 81' lang='lat' dir='ltr'><em>Anu.</em></span> 
     </span>
     <span class='ocr_line' id='line_1_30' title="bbox 319 3459 1507 3540; baseline 0.002 -18"><span class='ocrx_word' id='word_1_263' title='bbox 319 3462 391 3535; x_wconf 85' lang='lat' dir='ltr'><em>XV,</em></span> <span class='ocrx_word' id='word_1_264' title='bbox 415 3463 450 3522; x_wconf 83' lang='lat'><em>5:</em></span> <span class='ocrx_word' id='word_1_265' title='bbox 473 3475 549 3522; x_wconf 88' lang='lat' dir='ltr'><em>uetue</em></span> <span class='ocrx_word' id='word_1_266' title='bbox 573 3475 597 3522; x_wconf 89' lang='lat' dir='ltr'><em>et</em></span> <span class='ocrx_word' id='word_1_267' title='bbox 616 3467 727 3537; x_wconf 78' lang='lat' dir='ltr'><em>penitae</em></span> <span class='ocrx_word' id='word_1_268' title='bbox 742 3467 863 3537; x_wconf 78' lang='lat' dir='ltr'><em>infinum,</em></span> <span class='ocrx_word' id='word_1_269' title='bbox 885 3474 961 3521; x_wconf 77' lang='lat' dir='ltr'><em>naue</em></span> <span class='ocrx_word' id='word_1_270' title='bbox 983 3459 1023 3520; x_wconf 83' lang='lat' dir='ltr'><em>ad</em></span> <span class='ocrx_word' id='word_1_271' title='bbox 1046 3469 1166 3539; x_wconf 80' lang='lat' dir='ltr'><em>tempus</em></span> <span class='ocrx_word' id='word_1_272' title='bbox 1189 3462 1332 3540; x_wconf 82' lang='lat' dir='ltr'><em>pertinet,</em></span> <span class='ocrx_word' id='word_1_273' title='bbox 1351 3468 1466 3538; x_wconf 76' lang='lat' dir='ltr'><em>infinum</em></span> <span class='ocrx_word' id='word_1_274' title='bbox 1504 3531 1507 3536; x_wconf 16' lang='grc' dir='ltr'><strong>Δ</strong></span> 
     </span>
     <span class='ocr_line' id='line_1_31' title="bbox 321 3564 1465 3650; baseline 0.004 -21"><span class='ocrx_word' id='word_1_275' title='bbox 321 3569 497 3650; x_wconf 82' lang='lat' dir='ltr'><em>qualitatem</em></span> <span class='ocrx_word' id='word_1_276' title='bbox 519 3569 642 3641; x_wconf 84' lang='lat' dir='ltr'><em>indicet,</em></span> <span class='ocrx_word' id='word_1_277' title='bbox 687 3564 779 3629; x_wconf 87' lang='lat' dir='ltr'><em>ltem:</em></span> <span class='ocrx_word' id='word_1_278' title='bbox 797 3569 877 3630; x_wconf 84' lang='lat' dir='ltr'><em>Anu.</em></span> <span class='ocrx_word' id='word_1_279' title='bbox 900 3565 922 3640; x_wconf 90' lang='lat' dir='ltr'><em>l,</em></span> <span class='ocrx_word' id='word_1_280' title='bbox 946 3570 977 3628; x_wconf 84' lang='lat'><em>4:</em></span> <span class='ocrx_word' id='word_1_281' title='bbox 1002 3579 1091 3626; x_wconf 82' lang='lat' dir='ltr'><em>uetere</em></span> <span class='ocrx_word' id='word_1_282' title='bbox 1114 3580 1197 3643; x_wconf 72' lang='lat' dir='ltr'><em>atque</em></span> <span class='ocrx_word' id='word_1_283' title='bbox 1218 3573 1304 3628; x_wconf 80' lang='lat' dir='ltr'><em>inette</em></span> <span class='ocrx_word' id='word_1_284' title='bbox 1325 3578 1465 3646; x_wconf 74' lang='lat' dir='ltr'><em>tepentia·</em></span> 
     </span>
    </p>

    <p class='ocr_par' dir='ltr' id='par_1_10' title="bbox 317 3688 1466 3982">
     <span class='ocr_line' id='line_1_32' title="bbox 407 3688 1466 3768; baseline 0.006 -16"><span class='ocrx_word' id='word_1_285' title='bbox 407 3693 487 3755; x_wconf 83' lang='lat' dir='ltr'><em>Anu.</em></span> <span class='ocrx_word' id='word_1_286' title='bbox 513 3688 535 3768; x_wconf 88' lang='lat' dir='ltr'><em>l,</em></span> <span class='ocrx_word' id='word_1_287' title='bbox 567 3696 624 3754; x_wconf 78' lang='lat'><em>61:</em></span> <span class='ocrx_word' id='word_1_288' title='bbox 652 3697 700 3752; x_wconf 86' lang='lat' dir='ltr'><em>uln&#39;</em></span> <span class='ocrx_word' id='word_1_289' title='bbox 721 3695 843 3767; x_wconf 78' lang='lat' dir='ltr'><em>(Vama)</em></span> <span class='ocrx_word' id='word_1_290' title='bbox 872 3694 982 3763; x_wconf 76' lang='lat' dir='ltr'><em>intellel</em></span> <span class='ocrx_word' id='word_1_291' title='bbox 1007 3698 1122 3750; x_wconf 83' lang='lat' dir='ltr'><em>deutera</em></span> <span class='ocrx_word' id='word_1_292' title='bbox 1152 3705 1177 3751; x_wconf 90' lang='lat' dir='ltr'><em>et</em></span> <span class='ocrx_word' id='word_1_293' title='bbox 1206 3715 1255 3752; x_wconf 81' lang='lat' dir='ltr'><em>ouo</em></span> <span class='ocrx_word' id='word_1_294' title='bbox 1276 3698 1332 3754; x_wconf 83' lang='lat' dir='ltr'><em>letu</em></span> <span class='ocrx_word' id='word_1_295' title='bbox 1351 3709 1466 3758; x_wconf 84' lang='lat' dir='ltr'><em>mortem</em></span> 
     </span>
     <span class='ocr_line' id='line_1_33' title="bbox 318 3796 1465 3874; baseline 0.005 -15"><span class='ocrx_word' id='word_1_296' title='bbox 318 3805 458 3862; x_wconf 72' lang='lat' dir='ltr'><em>iauenmlt.</em></span> <span class='ocrx_word' id='word_1_297' title='bbox 495 3799 552 3860; x_wconf 82' lang='lat' dir='ltr'><em>Ov.</em></span> <span class='ocrx_word' id='word_1_298' title='bbox 576 3799 682 3859; x_wconf 82' lang='lat' dir='ltr'><em>Amor.</em></span> <span class='ocrx_word' id='word_1_299' title='bbox 706 3796 727 3874; x_wconf 93' lang='grc' dir='ltr'>Ι,</span> <span class='ocrx_word' id='word_1_300' title='bbox 761 3802 788 3873; x_wconf 77' lang='lat' dir='ltr'><em>l,</em></span> <span class='ocrx_word' id='word_1_301' title='bbox 813 3801 845 3858; x_wconf 83' lang='lat'><em>3:</em></span> <span class='ocrx_word' id='word_1_302' title='bbox 881 3804 958 3858; x_wconf 85' lang='lat' dir='ltr'><em>Nam</em></span> <span class='ocrx_word' id='word_1_303' title='bbox 986 3799 1069 3870; x_wconf 70' lang='lat' dir='ltr'><em>tneor</em></span> <span class='ocrx_word' id='word_1_304' title='bbox 1098 3805 1127 3857; x_wconf 85' lang='lat' dir='ltr'><em>e&#39;n</em></span> <span class='ocrx_word' id='word_1_305' title='bbox 1149 3805 1291 3860; x_wconf 61' lang='lat' dir='ltr'><em>mutinam</em></span> <span class='ocrx_word' id='word_1_306' title='bbox 1313 3811 1465 3864; x_wconf 76' lang='lat' dir='ltr'><em>temerarie</em></span> 
     </span>
     <span class='ocr_line' id='line_1_34' title="bbox 317 3903 1208 3982; baseline -0.009 -8"><span class='ocrx_word' id='word_1_307' title='bbox 317 3914 448 3974; x_wconf 74' lang='lat' dir='ltr'><em>bratella</em></span> <span class='ocrx_word' id='word_1_308' title='bbox 469 3912 560 3982; x_wconf 80' lang='lat' dir='ltr'><em>moult,</em></span> <span class='ocrx_word' id='word_1_309' title='bbox 583 3913 649 3968; x_wconf 82' lang='lat' dir='ltr'><em>Flet</em></span> <span class='ocrx_word' id='word_1_310' title='bbox 670 3929 732 3966; x_wconf 88' lang='lat' dir='ltr'><em>mee</em></span> <span class='ocrx_word' id='word_1_311' title='bbox 753 3929 877 3967; x_wconf 86' lang='lat' dir='ltr'><em>uoeeana</em></span> <span class='ocrx_word' id='word_1_312' title='bbox 898 3913 977 3966; x_wconf 79' lang='lat' dir='ltr'><em>zoua</em></span> <span class='ocrx_word' id='word_1_313' title='bbox 998 3903 1096 3980; x_wconf 79' lang='lat' dir='ltr'><em>puella</em></span> <span class='ocrx_word' id='word_1_314' title='bbox 1116 3929 1208 3967; x_wconf 86' lang='lat' dir='ltr'><em>manu.</em></span> 
     </span>
    </p>
   </div>
   <div class='ocr_carea' id='block_1_7' title="bbox 234 4030 1464 4432">
    <p class='ocr_par' dir='ltr' id='par_1_11' title="bbox 234 4030 1464 4432">
     <span class='ocr_line' id='line_1_35' title="bbox 405 4030 1464 4113; baseline 0.003 -17"><span class='ocrx_word' id='word_1_315' title='bbox 405 4037 484 4097; x_wconf 81' lang='lat' dir='ltr'><em>Ann.</em></span> <span class='ocrx_word' id='word_1_316' title='bbox 508 4030 558 4107; x_wconf 86' lang='grc' dir='ltr'>ΙΙΙ,</span> <span class='ocrx_word' id='word_1_317' title='bbox 593 4038 646 4096; x_wconf 82' lang='grc' dir='ltr'><em>3οε</em></span> <span class='ocrx_word' id='word_1_318' title='bbox 676 4040 787 4094; x_wconf 73' lang='lat' dir='ltr'><em>tulerat</em></span> <span class='ocrx_word' id='word_1_319' title='bbox 813 4047 906 4094; x_wconf 89' lang='lat' dir='ltr'><em>tamen</em></span> <span class='ocrx_word' id='word_1_320' title='bbox 939 4039 1018 4108; x_wconf 69' lang='lat' dir='ltr'><em>otyor</em></span> <span class='ocrx_word' id='word_1_321' title='bbox 1045 4037 1134 4092; x_wconf 79' lang='lat' dir='ltr'><em>‹mlml</em></span> <span class='ocrx_word' id='word_1_322' title='bbox 1164 4035 1317 4109; x_wconf 68' lang='lat' dir='ltr'><em>inpentllue</em></span> <span class='ocrx_word' id='word_1_323' title='bbox 1347 4042 1464 4113; x_wconf 81' lang='lat' dir='ltr'><em>nepott&#39;le</em></span> 
     </span>
     <span class='ocr_line' id='line_1_36' title="bbox 234 4141 1461 4219; baseline 0.005 -19"><span class='ocrx_word' id='word_1_324' title='bbox 234 4195 241 4200; x_wconf 93' lang='lat'>.</span> <span class='ocrx_word' id='word_1_325' title='bbox 315 4165 379 4219; x_wconf 87' lang='lat' dir='ltr'><em>par,</em></span> <span class='ocrx_word' id='word_1_326' title='bbox 413 4146 559 4204; x_wconf 69' lang='lat' dir='ltr'><em>eoucrtor</em></span> <span class='ocrx_word' id='word_1_327' title='bbox 581 4165 636 4217; x_wconf 78' lang='lat' dir='ltr'><em>quo</em></span> <span class='ocrx_word' id='word_1_328' title='bbox 657 4165 779 4202; x_wconf 86' lang='lat' dir='ltr'><em>eoumum</em></span> <span class='ocrx_word' id='word_1_329' title='bbox 801 4156 826 4201; x_wconf 88' lang='lat' dir='ltr'><em>et</em></span> <span class='ocrx_word' id='word_1_330' title='bbox 848 4145 978 4201; x_wconf 80' lang='lat' dir='ltr'><em>inertiam</em></span> <span class='ocrx_word' id='word_1_331' title='bbox 1000 4161 1064 4214; x_wconf 85' lang='lat' dir='ltr'><em>map</em></span> <span class='ocrx_word' id='word_1_332' title='bbox 1078 4145 1103 4199; x_wconf 83' lang='lat' dir='ltr'><em>e&#39;e</em></span> <span class='ocrx_word' id='word_1_333' title='bbox 1131 4145 1292 4204; x_wconf 77' lang='lat' dir='ltr'><em>attentabat.</em></span> <span class='ocrx_word' id='word_1_334' title='bbox 1315 4145 1397 4207; x_wconf 79' lang='lat' dir='ltr'><strong>Ilia.</strong></span> <span class='ocrx_word' id='word_1_335' title='bbox 1425 4141 1461 4219; x_wconf 88' lang='grc' dir='ltr'><em>ΙΙ,</em></span> 
     </span>
     <span class='ocr_line' id='line_1_37' title="bbox 316 4250 1459 4328; baseline 0.002 -18"><span class='ocrx_word' id='word_1_336' title='bbox 316 4253 370 4312; x_wconf 87' lang='lat'><em>90:</em></span> <span class='ocrx_word' id='word_1_337' title='bbox 402 4254 517 4310; x_wconf 80' lang='lat' dir='ltr'><em>conaelle</em></span> <span class='ocrx_word' id='word_1_338' title='bbox 533 4253 707 4324; x_wconf 65' lang='lat' dir='ltr'><em>papillarum</em></span> <span class='ocrx_word' id='word_1_339' title='bbox 728 4253 798 4326; x_wconf 83' lang='lat' dir='ltr'><em>ipu’e</em></span> <span class='ocrx_word' id='word_1_340' title='bbox 820 4254 869 4325; x_wconf 76' lang='lat' dir='ltr'><em>qui</em></span> <span class='ocrx_word' id='word_1_341' title='bbox 890 4255 1018 4321; x_wconf 82' lang='lat' dir='ltr'><em>aderent,</em></span> <span class='ocrx_word' id='word_1_342' title='bbox 1041 4250 1167 4322; x_wconf 76' lang='lat' dir='ltr'><em>munique</em></span> <span class='ocrx_word' id='word_1_343' title='bbox 1189 4255 1280 4312; x_wconf 76' lang='lat' dir='ltr'><em>ltalia</em></span> <span class='ocrx_word' id='word_1_344' title='bbox 1297 4273 1351 4327; x_wconf 90' lang='lat' dir='ltr'><em>per</em></span> <span class='ocrx_word' id='word_1_345' title='bbox 1373 4275 1459 4328; x_wconf 75' lang='lat' dir='ltr'><em>qnam</em></span> 
     </span>
     <span class='ocr_line' id='line_1_38' title="bbox 311 4363 885 4432; baseline -0.003 -14"><span class='ocrx_word' id='word_1_346' title='bbox 311 4379 406 4418; x_wconf 88' lang='lat' dir='ltr'><em>eomno</em></span> <span class='ocrx_word' id='word_1_347' title='bbox 427 4369 452 4416; x_wconf 89' lang='lat' dir='ltr'><em>et</em></span> <span class='ocrx_word' id='word_1_348' title='bbox 474 4363 540 4416; x_wconf 82' lang='lat' dir='ltr'><em>lunu</em></span> <span class='ocrx_word' id='word_1_349' title='bbox 558 4363 708 4432; x_wconf 79' lang='lat' dir='ltr'><em>pudendm</em></span> <span class='ocrx_word' id='word_1_350' title='bbox 730 4364 885 4418; x_wconf 66' lang='lat' dir='ltr'><em>incuteret.</em></span> 
     </span>
    </p>
   </div>
   <div class='ocr_carea' id='block_1_8' title="bbox 0 0 1598 5252">
    <p class='ocr_par' dir='ltr' id='par_1_12' title="bbox 0 0 1598 5252">
     <span class='ocr_line' id='line_1_39' title="bbox 0 0 1598 5252; baseline 0 5"><span class='ocrx_word' id='word_1_351' title='bbox 0 0 1598 5252; x_wconf 95' lang='lat' dir='ltr'><em> </em></span> 
     </span>
    </p>
   </div>
  </div>
 </body>
</html>
