3196 5270
701 297 743 354 43

142 471 206 523 tum
230 463 289 522 loci
306 465 359 543 qni
367 465 433 541 jam
448 463 674 542 oenopoosndo
695 467 835 545 temptati
850 475 922 524 sunt
932 463 966 546 ¹).
1011 465 1054 526 Ut
1067 466 1193 527 afferam
1208 465 1290 527 Anu.

141 567 227 640 XIV,
251 568 291 628 55
315 588 339 627 s.
358 568 394 640 ἱ,
424 569 476 628 ubi
499 572 598 628 varias
621 570 799 630 restituendi
823 571 888 630 vias
910 572 1038 645 ingressi
1060 581 1131 630 sunt
1152 571 1288 650 Spenge

142 676 199 734 lios
215 669 254 754 ²),
276 675 433 749 Haasens,
464 676 520 736 ssd
541 679 685 754 postremi
701 678 850 754 jndieium
873 681 1004 736 maxime
1026 678 1136 755 planet.
1193 678 1290 736 Porro

142 783 224 840 Anu.
245 782 269 852 Ι,
295 787 351 854 61,
387 783 438 842 ubi
465 783 606 860 leguntur
634 786 665 844 in
694 783 798 844 eodiee
818 786 913 844 haee:
944 790 1114 858 ediscebant
1139 789 1291 858 frapmino

142 893 259 947 telonsm
279 911 463 963 eqswnmqsoe
493 904 573 949 anns
593 896 676 950 sinaei
697 897 802 951 transis
824 895 955 952 arbam
983 899 1106 966 mnefioo
1125 913 1191 964 orn,
1220 895 1291 950 eren

139 1001 309 1070 propinquis
329 1001 467 1056 barbaras
488 1019 575 1073 σοι,
597 1005 677 1073 apud
697 1021 768 1073 quas
788 1004 913 1059 iudanos
933 1021 969 1058 ao
985 1005 1141 1074 primorem
1162 1003 1292 1058 ordinante

143 1107 317 1161 moriones
335 1115 541 1176 manaverant,
564 1105 705 1163 Haasens
728 1104 822 1164 verba
841 1110 1036 1164 rinnel—ern
1064 1115 1134 1183 post
1154 1115 1291 1164 modose-

143 1221 210 1267 nant
231 1208 371 1286 apponit,
399 1229 478 1288 qnae
500 1212 626 1269 montio
649 1211 730 1270 hand
752 1231 879 1290 parvam
901 1213 1039 1272 verimtis
1061 1214 1194 1290 speeiem
1216 1229 1292 1290 prae

146 1316 266 1376 sefert.
312 1316 390 1391 Quid
414 1335 473 1394 ego
494 1316 613 1376 multa?
641 1317 722 1376 Hist.
744 1317 803 1388 111,
828 1321 867 1378 13
898 1324 1020 1376 exstant
1050 1315 1140 1374 haee:
1163 1319 1292 1386 ίαωίυα,

144 1427 298 1494 defectione
318 1427 416 1480 thasra
436 1427 564 1498 semota,
585 1428 722 1497 primores
742 1427 930 1483 σοιίιινίοιιωι
945 1455 988 1466 --
1002 1426 1033 1479 in
1043 1425 1190 1496 principio
1211 1433 1291 1480 soem

143 1535 185 1589 siti
206 1533 374 1604 Vespasiani
391 1535 518 1589 virtudem
538 1535 664 1604 oiroeqss
682 1535 810 1605 partsisnt
831 1535 949 1590 retollit:
970 1533 1154 1603 trnnafnpiaas
1169 1533 1291 1600 classant,

144 1640 176 1692 in
197 1647 261 1696 arto
281 1649 473 1712 cannensem,
503 1645 640 1696 acimaas
671 1643 786 1698 Gallina
815 1643 1041 1712 Hispaniasque,
1073 1640 1143 1694 sedni
1168 1639 1199 1694 in
1226 1640 1292 1694 ands

145 1750 247 1817 fidem
269 1756 352 1818 ateste
372 1749 465 1804 mnnia
486 1752 522 1804 de
550 1750 659 1804 Vitellio
679 1750 710 1803 in
731 1750 861 1804 dete-im
907 1745 950 1805 Ut
971 1763 1051 1804 nune
1073 1745 1241 1802 sententiae
1257 1762 1291 1802 ee

146 1853 311 1930 excipiunt,
333 1853 539 1932 unusquisque
561 1861 728 1933 exspectat,
749 1864 784 1912 ut
803 1863 875 1932 post
896 1851 1022 1911 verbum
1051 1853 1157 1910 emollit
1185 1867 1292 1929 reapse

147 1960 345 2037 insequantur
365 1953 471 2018 landes
493 1959 674 2036 Vespasiani
698 1958 824 2037 ejusque
851 1957 976 2018 roboris.
1028 1955 1090 2016 Sed
1123 1975 1183 2016 non
1215 1957 1292 2016 inse·

147 2071 291 2145 quantur.
337 2065 405 2140 Qua
426 2065 456 2123 in
478 2081 512 2120 re
534 2082 602 2121 enm
620 2064 874 2139 jure.haererent
900 2063 1119 2133 Doederlinus,
1152 2061 1293 2135 Orellius,

146 2172 178 2229 in
201 2170 233 2229 id
256 2167 426 2229 inciderunt
446 2175 482 2226 ut
504 2168 644 2226 semioolo
667 2178 738 2247 post
759 2175 874 2229 classen
897 2171 996 2248 posito
1019 2168 1080 2229 duo
1102 2168 1177 2227 haee
1198 2165 1294 2227 verba

149 2275 188 2334 ad
211 2277 343 2354 priorem
367 2275 548 2336 sententiam
573 2274 851 2358 traherentpexiit
872 2275 966 2350 igitur
987 2291 1108 2347 sensns,
1133 2272 1293 2350 Caecinam

95 2359 97 2370 Ι
151 2383 335 2461 Vespasiani
369 2384 509 2440 virtutem
543 2383 682 2460 viresque
714 2384 843 2459 partium
875 2381 1018 2440 extulisse
1041 2399 1077 2438 eo
1099 2389 1133 2438 ut
1156 2379 1293 2452 dixisset,

149 2487 276 2546 classem
300 2486 508 2564 transfugisse.
553 2489 615 2548 Sed
637 2494 672 2546 ut
694 2487 813 2558 omnia,
837 2503 917 2565 quae
939 2493 1045 2543 eontra
1067 2485 1145 2543 hane
1174 2483 1294 2542 distine-

150 2593 262 2651 tionern
286 2591 416 2670 proferri
436 2594 568 2672 possint,
591 2594 682 2651 missa
703 2592 811 2650 faniam
834 2625 875 2636 —-
899 2598 1004 2676 eontra
1031 2592 1112 2668 ipsse
1135 2587 1217 2664 leges
1238 2589 1296 2647 lin-

150 2718 229 2775 guae
253 2697 366 2757 latinae
389 2707 502 2778 pereat.
546 2699 624 2758 Nam
647 2700 671 2755 si
695 2697 832 2770 dicimus,
853 2697 1039 2776 transfugere
1060 2697 1207 2777 aliquem,
1231 2701 1294 2755 tum

150 2806 321 2888 rogitamus
344 2822 399 2862 nos
420 2805 451 2862 in
474 2822 509 2862 eo
533 2803 599 2862 loeo
622 2805 736 2864 versari
757 2802 838 2862 unde
866 2803 963 2880 fugiat
991 2801 1057 2880 ills;
1090 2803 1295 2862 confirmatur·

152 2931 212 2990 que
242 2911 317 2972 haee
346 2909 524 2986 significatio
555 2909 691 2968 omnibus
722 2908 804 2987 apud
839 2907 976 2967 Tacitum
1012 2907 1092 2968 loeis.
1151 2907 1298 2988 inspicias

153 3016 242 3076 modo
263 3017 342 3077 Ann.
365 3016 406 3089 11,
422 3017 477 3074 46:
499 3018 532 3072 s'd
552 3018 660 3087 aipnuns
676 3018 803 3089 perstas·
817 3018 896 3087 foit3
916 3025 942 3072 st
963 3018 1129 3089 tsdnsfitpiis
1140 3017 1295 3090 paullatim

152 3128 276 3181 nonnas
297 3126 327 3180 in
348 3125 566 3180 Marcomannos
587 3123 717 3178 oonoemd
733 3115 766 3200 ³).
784 3153 829 3164 —·-
850 3120 922 3180 Jsrn
945 3140 1036 3200 quum
1058 3139 1119 3178 non
1142 3122 1181 3178 sit
1203 3118 1296 3179 eredi-

156 3230 214 3289 bile
236 3231 416 3289 sententiam
440 3226 611 3305 quandam,
641 3245 702 3305 qua
723 3227 928 3306 Vespasianus
952 3247 970 3286 a
993 3225 1123 3288 Caecina
1144 3223 1297 3303 praediea-

155 3342 256 3408 retur,
280 3332 447 3409 excidisse,
480 3353 572 3413 quum
594 3336 659 3413 pari
677 3335 748 3412 jure
771 3331 912 3392 contendi
942 3333 1055 3411 possit,
1092 3331 1230 3390 Tasitnm
1262 3347 1299 3389 ee

155 3441 258 3500 statim
281 3442 458 3519 apposuisse
490 3439 652 3519 inquibus
682 3437 721 3500 ad
752 3440 917 3499 movendos
948 3437 1154 3499 eenturionum
1184 3437 1300 3495 animos

158 3701 211 3758 post
228 3707 320 3743 versum
339 3699 444 3753 sextum„
463 3689 569 3740 carminis
589 3691 622 3742 65
641 3706 723 3740 versus
743 3691 844 3742 9-14
862 3691 967 3742 inseruit.
1007 3691 1058 3741 ism
1077 3691 1151 3740 omnis
1169 3699 1215 3740 torn
1235 3701 1302 3751 egre·

159 3785 193 3849 gie
212 3785 336 3835 cohaerent
354 3791 448 3846 tamque
464 3781 525 3832 laete
544 3783 676 3846 profluunt,
704 3790 730 3832 ot
755 3781 810 3846 quin
828 3783 885 3833 haee
902 3781 1050 3846 transpositio
1075 3781 1200 3832 rectissime
1227 3779 1256 3828 sit
1272 3793 1302 3828 ne

157 3879 204 3929 ulia
222 3879 316 3943 quidem
334 3877 416 3927 moriri
434 3877 508 3940 possit
522 3876 640 3928 dubitatio.

237 3971 262 4037 1)
280 3969 374 4019 Etiamsi
390 3969 466 4032 paullo
484 3968 590 4018 midecius
609 3966 759 4018 Doederlinns
777 3968 806 4018 de
825 3967 901 4017 multis
920 3967 975 4017 locis
994 3967 1054 4015 hune
1072 3965 1096 4014 in
1114 3965 1207 4014 modum
1224 3964 1303 4026 egerit,

158 4079 218 4128 quos
238 4063 262 4112 in
280 4077 350 4112 unum
368 4069 490 4124 congestos
507 4061 585 4112 videos
604 4060 628 4110 in
646 4061 742 4123 praeiet.
759 4059 805 4112 vol.
819 4061 840 4119 Ι,
859 4059 896 4108 ed.
914 4057 984 4108 Tacit.
1002 4071 1051 4120 pag.
1066 4057 1123 4118 XVI,
1141 4057 1235 4123 aliisque
1247 4057 1303 4107 loeis

158 4157 190 4208 ibi
208 4155 338 4207 nominetis.

232 4247 259 4316 2)
278 4249 303 4297 In
323 4247 398 4297 libello
416 4261 460 4310 quo
479 4248 517 4296 Fr.
535 4247 667 4298 Thierschio
684 4248 821 4309 gratulatur,
840 4258 893 4309 pag.
912 4243 952 4294 ts.
990 4242 1092 4292 Menaeis.
1114 4241 1190 4292 1852.

233 4340 262 4406 3)
282 4339 422 4390 Contrariam
454 4338 640 4400 significationem
668 4339 776 4403 praebet,
804 4343 829 4387 ut
858 4344 938 4387 notum
966 4341 1014 4395 est,
1044 4349 1085 4384 tor
1113 4335 1233 4402 persepe.
1269 4333 1303 4382 Cf.

162 4433 221 4482 ion.
245 4432 272 4494 11,
299 4431 338 4482 12.
