3188 5252
419 455 477 516 His
499 455 543 515 ita
562 453 710 534 expositis
732 453 958 528 demonstrasse
977 453 1051 516 mibi
1073 454 1195 530 videor,
1217 457 1267 518 vel
1291 456 1372 539 qnod
1396 475 1471 518 snm.

331 583 387 643 per
407 565 438 624 in
460 562 609 644 ejusmodi
640 561 731 622 rebus
760 561 910 638 egendum
943 570 1008 636 est,
1036 582 1123 624 nsum
1153 565 1367 644 particularum
1390 571 1472 626 ιιιίιιιι
1582 581 1583 646 j

330 679 389 732 mt.
410 692 430 730 a
450 669 523 732 trita
544 670 665 732 dicendi
686 669 904 732 comnetudine
920 671 1005 732 initio
1018 673 1149 752 repetito
1163 672 1319 754 paullatim
1342 695 1379 738 eo
1401 693 1472 734 eva·

331 782 425 854 sisse,
459 789 492 840 ut
515 778 597 839 nnde
618 785 709 839 notus
736 779 778 837 sit
799 778 852 838 vix
873 780 996 856 agonem
1019 781 1125 858 possit.
1180 780 1242 844 Sed
1275 781 1409 842 nondum
1431 780 1471 841 sd

329 890 419 949 tinem
442 895 620 968 perventum
642 896 699 946 est.
741 887 942 948 Beststenim
968 886 1031 948 alis
1052 887 1223 968 proprietas
1240 889 1362 950 dicendi
1381 891 1472 968 juxta

324 998 422 1069 mira,
454 1015 516 1076 qua
544 1001 626 1054 reete
654 1002 815 1074 perspecto
848 992 947 1054 denum
969 1013 1059 1074 spero
1080 994 1146 1057 iore
1168 1005 1204 1058 ot
1223 996 1358 1058 locorum
1379 998 1471 1058 variis
1582 1093 1583 1096 Ἴ

329 1099 428 1166 modis
448 1110 629 1184 temptatum
650 1103 681 1164 in
703 1103 852 1180 integram
873 1102 1033 1164 lectionem
1055 1123 1249 1168 mvoeemns.

415 1212 459 1274 Ut
486 1219 590 1272 notum
620 1218 684 1284 est,
714 1210 891 1294 pleramque
921 1215 1005 1270 αἰαιιι
1024 1221 1083 1272 cet.
1112 1214 1144 1274 in
1170 1212 1303 1275 mondo
1333 1212 1468 1275 membro
1582 1237 1583 1308 ι

328 1320 425 1381 locam
448 1319 569 1393 babent,
590 1320 635 1379 its
655 1327 691 1379 nt
712 1318 744 1380 id
766 1320 915 1396 com'teter
936 1319 1023 1400 quasi
1044 1319 1203 1382 maedam.
1260 1320 1321 1384 Sed
1343 1329 1470 1402 possam

327 1429 420 1488 etiam
441 1427 550 1488 inverti
571 1425 725 1500 membre,
758 1426 784 1486 si
806 1425 983 1488 alterutrum
1005 1429 1103 1506 megia
1124 1429 1290 1490 extollitur.
1346 1428 1398 1491 Sic
1419 1427 1469 1490 ci-

327 1555 388 1598 cer.
410 1535 481 1595 iam.
502 1537 533 1607 4,
556 1535 608 1608 lt,
631 1537 668 1595 2:
700 1539 838 1594 meander
858 1539 1006 1595 etiamen
1031 1548 1154 1613 enarer,
1182 1559 1238 1597 ιιοιι
1263 1545 1346 1599 nodo
1367 1545 1468 1597 neena

325 1667 374 1704 aar
391 1647 623 1718 pertimescebam
667 1641 717 1702 Ita
736 1642 779 1715 tit,
800 1649 833 1702 ut
854 1647 938 1702 niem
958 1643 1121 1724 aliqnando
1137 1644 1307 1725 speetsted
1328 1665 1366 1706 ss
1388 1665 1467 1727 quae

326 1759 502 1832 sequenter.
556 1748 602 1812 Ac
622 1757 724 1811 temen
745 1751 840 1828 ratio,
868 1769 949 1831 qnae
970 1751 1001 1811 in
1022 1753 1162 1832 exemplo
1183 1753 1275 1814 modo
1296 1754 1390 1820 allato
1414 1737 1467 1835 pa-

325 1859 386 1919 lam
409 1871 466 1936 est,
490 1855 583 1917 babet
604 1855 718 1937 aliquid
739 1854 808 1917 stilo
829 1859 915 1933 gravi
938 1867 1029 1938 etque
1051 1857 1214 1938 diligenter
1235 1861 1384 1941 perpolito
1407 1881 1467 1922 non

325 1966 520 2037 conveniens,
541 1964 654 2044 qnippe
673 1981 766 2044 quom
789 1962 953 2024 membrum
976 1964 1131 2036 infirmius,
1152 1966 1235 2047 quod
1256 1967 1365 2029 fortius
1385 1968 1465 2028 inse·

325 2074 426 2153 quitur
448 2069 596 2131 claudicet
618 2068 841 2150 quodammodo
869 2077 1023 2151 tamquam
1054 2072 1190 2146 elumbe,
1220 2074 1376 2154 vitentque
1405 2094 1465 2135 non

323 2181 389 2240 sine
411 2178 568 2257 diligentia
588 2179 716 2238 Romam
739 2177 875 2237 ordinem
898 2178 1059 2240 verborum
1080 2179 1111 2239 iu
1135 2198 1195 2259 quo
1217 2181 1314 2242 levius
1335 2181 1465 2243 vocabu-

324 2288 384 2348 lum
407 2286 521 2347 fortiori
543 2287 745 2366 postponitur.
790 2284 840 2345 Ita
861 2284 1072 2366 explicandum
1094 2295 1157 2368 est,
1186 2307 1240 2348 cur
1261 2288 1342 2369 epod
1364 2291 1395 2349 Τ
1416 2289 1466 2351 illa

323 2397 546 2457 enuntiatorum
569 2395 763 2456 commissur'e
792 2414 852 2454 non
884 2395 1064 2456 inveniatur.
1119 2394 1234 2457 Contra
1262 2396 1344 2459 baud
1373 2397 1464 2459 inire·

321 2523 418 2585 quens
440 2503 551 2585 ubique
573 2512 620 2564 est
641 2503 781 2575 inversio,
803 2503 829 2561 si
850 2522 870 2563 e
890 2503 990 2583 priore
1010 2502 1143 2564 membro
1166 2504 1204 2565 ed
1225 2507 1374 2584 posterius
1395 2523 1464 2584 gre·

321 2610 405 2672 datio
425 2609 584 2690 quaedem.
636 2608 726 2686 Quod
759 2609 972 2689 comprobetur
994 2609 1061 2670 loco
1085 2611 1167 2674 Hist.
1189 2611 1244 2686 lv,
1267 2613 1329 2674 80:
1355 2621 1463 2689 sonore

319 2722 437 2777 namn
459 2723 558 2778 anniae
580 2731 605 2778 et
626 2723 757 2794 ercperdia
776 2721 846 2804 uiri,
879 2722 1038 2793 annalium
1061 2741 1167 2794 mmmm
1196 2727 1268 2780 adeo
1289 2727 1464 2797 superiorem

318 2830 510 2900 intolerantia,
546 2824 596 2886 ubi
629 2825 790 2904 posteriori
820 2825 955 2886 membro
978 2826 1045 2905 plus
1066 2827 1212 2906 ponderis
1234 2829 1388 2908 imponere
1410 2852 1463 2892 vo·

319 2932 376 2994 luit
397 2935 535 3014 scriptor.
585 2934 697 2994 'Pauori
730 2942 832 2993 autem
857 2953 964 2994 revera
985 2935 1186 2996 inversionem
1208 2955 1245 2996 eo
1268 2938 1461 3000 menifestum

249 3060 253 3066 ’
318 3050 374 3114 est,
396 3041 479 3121 qood
494 3041 616 3100 minima
638 3061 743 3102 sensus
766 3041 967 3122 discrepantia
987 3041 1112 3103 duarum
1135 3046 1348 3106 sententiarum
1372 3047 1463 3110 sedes

317 3149 467 3209 immutari
480 3147 606 3227 possunt
617 3150 646 3208 in
657 3149 736 3209 hunc
747 3148 887 3210 modum:
908 3148 1049 3229 superbia
1064 3151 1121 3210 viri
1135 3153 1332 3232 superiorum,
1350 3174 1461 3236 aequa-
1582 3209 1583 3220 ,

317 3255 388 3317 Ιίιιιιι
411 3275 532 3337 quoque
546 3255 744 3316 intolerantia.
789 3255 878 3316 Ausi
896 3276 944 3317 res
962 3276 1087 3336 poscere
1102 3257 1229 3331 videtur,
1251 3259 1341 3320 etiam
1359 3263 1461 3323 sicco-

316 3365 405 3439 gitari
420 3373 519 3444 potest
533 3362 682 3441 gradatio,
704 3363 730 3424 si
745 3364 867 3445 quidem
877 3361 954 3425 'acui
969 3367 1118 3445 posterius
1131 3365 1297 3428 membrum
1314 3369 1461 3448 imprimis
1582 3447 1583 3456 ἵ

316 3471 433 3530 attinet.
478 3471 559 3547 Quin
574 3469 739 3530 haeres-um
763 3471 947 3551 amphibolia
969 3471 1033 3532 fieri
1056 3480 1221 3551 potestat
1243 3471 1319 3534 duas
1327 3475 1461 3537 rationes

316 3575 502 3649 misceamus,
525 3597 585 3658 quo
598 3578 694 3656 major
708 3577 869 3657 unicuique
884 3576 1016 3637 membro
1033 3577 1182 3640 tribuatur
1199 3581 1343 3657 gravitas,
1365 3590 1459 3664 atque

315 3685 346 3744 ia
367 3683 424 3744 bae
446 3683 603 3744 verborum
626 3686 792 3765 positione:
821 3689 954 3761 snperbia
972 3689 1030 3744 ciri
1050 3691 1209 3762 menalium
1231 3710 1353 3763 qnoque,
1386 3697 1460 3752 adeo
1582 3779 1583 3782 Ἴ

312 3795 486 3867 ememor-mn
508 3795 682 3854 intolerantia
700 3801 860 3875 utrumque
878 3811 1031 3854 sumemus
1053 3803 1086 3854 ot
1108 3795 1140 3854 in
1163 3813 1289 3855 ascensu
1311 3799 1458 3863 orationis
1582 3797 1583 3810 ¹

312 4059 399 4102 textum
417 4068 463 4103 non
482 4054 577 4117 recepit,
598 4081 629 4091 -
650 4055 709 4104 lun.
728 4055 746 4114 1,
765 4053 809 4117 4³,
834 4055 873 4104 ubi
886 4055 943 4104 baec
961 4056 1081 4118 leguntur:
1099 4073 1142 4108 ens
1159 4074 1256 4125 propes
1273 4075 1379 4126 pamm
1399 4060 1456 4112 elie

312 4159 383 4194 ιιιιιισ
400 4161 458 4204 ero,
477 4144 532 4214 elin
549 4153 654 4212 pectem
672 4154 793 4198 enntneor
810 4155 863 4208 eet,
882 4146 1034 4210 Nipperdejus
1050 4148 1155 4212 scripsit:
1173 4165 1263 4216 conpar
1280 4161 1457 4217 paenam-eet,

312 4236 373 4285 nulla
399 4237 544 4288 adnotatione
562 4240 695 4303 subjuncta3
721 4242 819 4291 tortasse
845 4249 869 4290 nt
894 4242 968 4290 locum
993 4249 1154 4304 congruentem
1173 4244 1257 4293 locaret
1274 4243 1295 4293 ei
1314 4243 1353 4308 qui
1371 4245 1457 4307 legitur

311 4328 368 4377 Αιιιι.
386 4328 427 4390 lll,
449 4327 494 4379 16:
520 4347 610 4398 serpae
629 4349 674 4384 orn
693 4329 780 4384 lilerio
796 4334 858 4384 areis
874 4333 1013 4385 consulatis
1031 4341 1074 4383 cet.
1112 4333 1229 4399 liquidem,
1255 4336 1307 4399 quid
1325 4336 1350 4385 in
1370 4337 1454 4387 codicis
1582 4351 1583 4368 ¹

310 4419 408 4472 lectione
425 4423 526 4486 corrupti
544 4424 684 4489 deprehendi
701 4427 781 4492 possit,
803 4427 891 4478 nescio.
949 4497 951 4504 Α
