3188 5252
882 293 922 351 96

326 470 392 528 viee
414 464 645 546 praepositionis
673 462 897 538 coniungitur.
943 462 1054 523 Differt
1087 469 1201 523 antem.
1219 462 1263 520 ita
1292 467 1326 521 ut
1348 477 1469 538 semper

325 575 419 635 verbo
446 572 485 632 ad
515 570 596 652 quod
629 568 760 647 pertinet
788 574 997 645 postponatur.
1041 567 1123 626 Ann.
1145 567 1203 642 111,
1234 569 1291 628 64:
1324 573 1471 642 pomffioee

326 693 353 742 at
373 700 492 754 mammea
523 690 549 736 et
568 679 780 751 quindecimviri
800 678 974 749 septemviris
1000 677 1083 737 amul
1111 685 1137 732 ot
1165 677 1310 732 sodalibus
1330 676 1472 746 Amma-

324 793 403 848 lilus.
445 786 499 859 lv,
522 784 578 843 55:
609 786 792 856 prroepeni
815 784 1007 852 stellionipae
1040 783 1208 838 Laodicenis
1239 799 1274 836 oe
1294 781 1474 850 Monaesum

324 899 409 954 siaul
439 894 564 950 tramissi
591 901 623 948 ut
646 909 753 962 parson
786 891 888 946 ualidi.
932 885 989 960 VI,
1014 887 1070 946 15:
1103 889 1213 944 Annius
1233 887 1334 958 Ballio,
1359 886 1473 956 Appius

326 1005 442 1061 Simius
462 1001 571 1057 &otoo
592 999 735 1054 Monaesen
755 997 838 1052 mmai
860 1014 894 1051 oc
913 995 1020 1050 Sabino
1041 994 1170 1050 Goloida
1195 1023 1239 1034 —

296 1093 301 1102 ⁵
411 1105 510 1180 Quum
533 1119 588 1180 per
609 1101 747 1160 voculam
778 1104 861 1158 amul
882 1099 1006 1178 proprie
1027 1106 1146 1176 tempus
1169 1096 1354 1176 designetur,
1389 1099 1473 1166 jueta

325 1229 445 1290 semper
467 1205 641 1288 qualitatem
672 1207 823 1286 exprimit.
867 1206 998 1266 Rursum
1023 1203 1213 1272 vocabulum,
1245 1201 1329 1282 quod
1350 1212 1398 1260 est
1415 1222 1473 1274 pa·

223 1371 226 1376 .
323 1323 392 1378 nitar
422 1314 573 1376 interdum
602 1309 799 1390 temporalem
835 1309 895 1368 vim
929 1309 1071 1370 vindieat.
1118 1309 1196 1368 Hiar.
1218 1307 1271 1382 lv,
1307 1306 1364 1368 56:
1399 1311 1469 1365 hoec

324 1429 402 1484 dicto
420 1425 530 1498 portico·
545 1425 728 1496 probataque.
774 1414 853 1474 Ann.
876 1415 965 1490 XIII,
992 1417 1047 1476 39:
1080 1419 1187 1489 plonius
1204 1417 1316 1490 perita·
1338 1424 1364 1472 et
1381 1433 1469 1487 prae-

323 1541 379 1594 dae
400 1535 576 1592 conderem.
599 1557 643 1572 ·-·
1422 1599 1424 1604 Ι

410 1642 439 1699 2.
461 1637 555 1714 Viget
582 1631 664 1712 apud
686 1631 825 1690 Tacitum
848 1648 920 1688 usus
947 1624 1182 1710 polysyndetill.
1225 1629 1267 1688 Et
1288 1626 1468 1706 saepissime

322 1746 482 1816 invenitur,
509 1742 538 1800 si
560 1747 681 1800 exstant
703 1738 762 1798 tria
783 1735 928 1810 membra,
950 1755 1051 1816 neque
1072 1737 1198 1796 interest
1220 1744 1321 1795 nuum
1343 1743 1465 1795 senten·

322 1853 373 1912 tiis
394 1871 434 1911 an
456 1848 582 1925 singulis
604 1845 705 1906 verbis
727 1850 878 1904 constent.
902 1839 1006 1902 Germ.
1022 1843 1080 1902 26:
1119 1853 1150 1901 ut
1166 1846 1301 1916 pomario
1321 1821 1471 1902 comerent

322 1973 349 2019 et
365 1970 456 2033 preto
483 1965 614 2030 uaporem
645 1963 670 2010 ot
692 1957 784 2010 hortos
803 1953 900 2023 ninom.
946 1950 1006 2008 32:
1034 1953 1107 2010 iuter
1125 1954 1282 2021 ¹familiam
1306 1961 1333 2008 et
1350 1961 1470 2024 penates

321 2077 348 2124 ct
373 2069 442 2137 imre
461 2061 659 2122 monterionem
690 2061 755 2130 equi
782 2061 941 2114 truduntur.
1009 2055 1072 2115 Sed
1104 2056 1278 2135 proaeditur
1306 2053 1468 2136 usquead

322 2173 463 2252 quinque,
491 2170 563 2248 quin
594 2165 684 2224 etiam
713 2163 752 2222 ad
786 2171 901 2241 septem
924 2162 1068 2222 membra.
1111 2163 1193 2223 Hist.
1215 2165 1271 2237 lv,
1291 2166 1350 2224 53:
1384 2169 1471 2223 catera·
1587 2143 1588 2186 3

318 2283 498 2353 mcyistrutue
529 2285 553 2334 ot
573 2278 730 2332 coomdotee
757 2283 783 2329 ot
803 2281 915 2328 semmua
936 2282 963 2330 et
981 2291 1065 2345 eques
1095 2284 1120 2330 ct
1144 2293 1248 2347 mopso
1266 2294 1337 2347 pora
1354 2277 1466 2347 populi.

321 2381 424 2444 Germ.
446 2382 505 2440 40:
542 2379 686 2449 Reudipmi
706 2379 809 2432 deinde
829 2385 856 2432 ot
878 2377 998 2433 Aviones
1022 2387 1048 2434 ot
1068 2381 1167 2450 Anplii
1185 2389 1212 2436 ct
1239 2381 1339 2437 Varini
1359 2389 1385 2436 et
1407 2383 1466 2436 Iiu-

319 2496 399 2548 dosee
420 2497 446 2545 ei
466 2489 629 2544 Suessiones
649 2491 675 2540 ci
703 2483 849 2539 Vuithoaoe
876 2485 1040 2555 fluminibus
1063 2494 1112 2541 aad
1132 2487 1210 2543 silom
1231 2487 1398 2542 munienter.
1423 2515 1465 2532 --·

319 2597 371 2655 Fit
391 2609 616 2671 nonnumquam
640 2595 679 2647 ut.
696 2585 932 2667 unumquodque
947 2587 1113 2648 membrum
1134 2591 1201 2668 pari
1222 2564 1311 2660 modo
1322 2589 1465 2668 ponendo

319 2709 351 2762 et
372 2697 547 2776 singillatim
579 2694 619 2753 ad
642 2693 775 2752 animum
806 2691 983 2754 adducendo
1000 2694 1150 2755 dilucidus
1169 2694 1292 2776 qnidam
1314 2703 1346 2755 et
1367 2697 1465 2774 poeti·

318 2825 370 2866 eus
392 2805 476 2864 solor
498 2799 743 2880 superfundatur.
801 2799 881 2859 Anu.
905 2798 929 2873 1,
956 2801 1014 2859 41:
1050 2805 1146 2874 pudor
1172 2805 1239 2860 indo
1266 2813 1291 2860 et
1321 2805 1465 2861 mirantia

317 2927 343 2972 ot
360 2917 456 2988 pots-ra
475 2914 621 2984 Aprs'ppoe
641 2911 762 2981 Aepuoti
782 2911 831 2966 aei
849 2911 988 2966 mommo
1045 2905 1148 2968 Germ.
1170 2908 1205 2968 8:
1239 2905 1465 2984 numeriaepro·

316 3026 403 3093 dior,
435 3024 573 3093 quaedam
595 3019 669 3074 ocios
690 3018 841 3072 inclinatae
860 3018 922 3087 iam
943 3025 969 3073 el
990 3019 1118 3073 totam
1148 3037 1167 3074 a
1185 3018 1299 3085 saumis
1319 3019 1463 3074 restitutos

315 3130 473 3188 contemtio
498 3145 614 3199 precum
641 3135 666 3181 ot
687 3126 792 3194 olrioctu
813 3133 953 3195 pectorum
975 3134 1000 3180 et
1021 3133 1177 3182 ammirato
1198 3127 1320 3182 commus
1342 3127 1460 3198 captiui-

315 3249 379 3296 tata
403 3235 477 3311 Agr.
499 3233 556 3291 452
577 3251 633 3289 non
652 3233 724 3289 oidr‘t
746 3233 881 3302 Apriooiu
902 3233 1039 3288 chamaam
1061 3234 1168 3288 moriam
1188 3241 1215 3288 et
1235 3235 1360 3290 clamem
1373 3237 1462 3290 armis

313 3356 440 3402 emotum
463 3353 489 3400 et
510 3344 607 3398 eadem
627 3349 720 3410 drapo
740 3348 779 3394 tot
801 3341 988 3395 consolarium
1009 3343 1115 3395 ooedoa
1160 3338 1228 3396 Hoc
1249 3337 1316 3397 loeo
1339 3341 1365 3398 ei
1387 3340 1461 3399 nihil

317 3456 485 3530 spectasset
520 3445 645 3504 Tacitus
684 3445 741 3503 nisi
773 3443 939 3522 simplicem
972 3446 1192 3504 enuntiatorum
1220 3448 1462 3525 conjunctionem

316 3579 366 3617 uec
388 3557 540 3637 posuisset
562 3552 611 3612 vel
634 3547 730 3631 aad).
773 3551 847 3626 Agr.
872 3553 927 3612 37:
954 3555 1062 3625 possim
1084 3573 1166 3609 ormo
1187 3565 1212 3610 et
1233 3574 1353 3628 corporo
1374 3568 1401 3616 ot
1421 3561 1469 3615 ta·-

315 3671 374 3726 cori
394 3677 472 3724 ormo
498 3673 523 3721 ot
544 3657 658 3719 amota
678 3653 820 3738 iamed).

317 3834 399 3844 ...a—-

388 3886 417 3954 1)
436 3883 539 3946 lntelligo
563 3880 736 3946 polysyndeton,
760 3879 821 3944 quod
840 3880 977 3930 abnndantia
1001 3881 1189 3946 conjunctionum
1208 3882 1387 3947 copulativarum
1409 3899 1464 3932 nes-

310 3982 380 4031 citur.
398 3977 493 4041 Proprie
513 3955 576 4025 enirn
594 3976 657 4022 nouo
678 3971 746 4021 latius
765 3978 833 4035 patet.
859 3971 911 4020 vide
930 3971 1004 4022 Rutilii
1025 3974 1081 4036 Lupi
1106 3974 1219 4024 schemata
1244 3975 1320 4024 lexeos
1338 3974 1361 4023 in
1380 3975 1465 4024 llalmii

313 4073 400 4124 rhetor.
420 4070 458 4119 lat.
479 4067 535 4116 min.
555 4066 574 4126 1,
594 4063 619 4114 9.

387 4159 402 4210 2
438 4159 467 4208 ol.
486 4157 517 4206 Ca
535 4191 542 4205 .
560 4155 597 4203 Vl.

387 4159 417 4317 3l
434 4170 632 4305 lnutilepvidetun
652 4259 681 4294 aa
696 4243 753 4308 ipsis
777 4243 852 4307 poetis
870 4244 952 4295 similia
976 4247 1065 4296 adema.
1103 4245 1150 4296 Sed
1176 4247 1312 4308 monuerim,
1331 4247 1399 4296 eham
1418 4248 1463 4297 hoc

312 4350 392 4394 nostro
417 4349 520 4405 tempore
544 4339 628 4390 multoe
655 4338 780 4402 scriptores
804 4338 903 4388 intrasse
925 4339 1057 4404 cupidinem
1079 4340 1168 4404 poetica
1195 4339 1307 4399 imitandi,
1335 4347 1404 4403 etque
1431 4356 1462 4392 ex

311 4445 394 4494 magna
412 4437 476 4493 parte
493 4428 555 4492 quod
573 4429 671 4477 habeant
689 4427 806 4491 proprium
824 4443 852 4477 ac
870 4443 954 4478 novum
972 4429 996 4478 in
1014 4429 1057 4479 hae
1074 4430 1123 4494 ipsa
1142 4445 1168 4479 re
1188 4429 1259 4478 cerni.
