3188 5252
653 257 713 316 145

198 423 336 484 Haecin
358 427 539 489 universum.
596 427 732 488 Transeo
760 427 799 488 cd
831 427 949 506 singula
980 425 1128 506 quaedam
1160 447 1249 506 expe·

108 511 233 593 diendo.
291 529 393 611 Atque
414 533 543 612 primum
567 532 712 620 denotare
733 532 830 604 liceat,
852 540 886 590 ut
908 533 1027 591 omnino
1049 531 1166 593 ‘soleant
1187 535 1250 594 Ro-

104 641 190 698 mani
206 637 239 716 ¹),
262 640 305 698 ita
327 641 416 700 etiam
439 639 521 720 apud
543 643 681 702 Tacitum
705 640 853 706 interdum
877 643 1018 720 conjungi
1040 655 1071 700 ot
1092 663 1247 722 cumpro·

105 748 230 806 nomlne
253 748 393 828 quodam.
437 749 485 811 Sic
505 750 585 809 Hier.
598 747 620 824 l,
645 753 703 811 20:
727 755 870 825 appellari
890 753 1011 824 :inquiet
1030 754 1111 822 iussit
1132 758 1248 809 demuma

102 867 189 931 porte
211 860 387 915 liberalitatis
409 865 488 932 opud
510 879 640 934 quemque
651 879 743 918 cerum
764 863 869 917 relicte.
893 872 929 916 ct
952 863 964 916 i
970 863 1037 918 itis
1059 864 1104 917 eiu
1114 865 1245 918 decremcc

99 981 189 1034 super
206 965 348 1033 portiones
370 974 458 1022 eruut.
506 963 586 1022 Anu.
607 957 630 1034 Ι,
655 963 710 1022 35:
734 975 918 1036 opposuerunt
941 968 1053 1046 admoti
1072 983 1166 1037 ormo,
1195 968 1245 1022 mi-

100 1073 226 1128 nitantes
245 1073 279 1126 mi
297 1077 494 1144 reprcderetur.
519 1083 556 1127 et
577 1075 589 1127 i
595 1075 624 1129 tl
630 1092 645 1129 e
666 1075 829 1130 maritumum
847 1074 942 1144 potina
958 1093 1042 1144 quam
1057 1077 1145 1143 fidem
1167 1091 1244 1130 orrue-

98 1183 144 1231 ret
167 1177 314 1232 elamitae:
346 1183 403 1234 cet.
426 1175 467 1247 II,
492 1176 525 1234 5:
548 1188 584 1235 ot
606 1179 674 1234 itte
704 1207 743 1220 -
765 1187 887 1233 tractare
914 1178 1084 1248 proeliorum
1112 1180 1173 1234 uice
1202 1177 1242 1247 II,

100 1281 162 1338 46:
187 1292 219 1338 ot
240 1301 275 1340 ce.
299 1281 381 1340 Hier.
403 1282 455 1354 lV,
481 1284 538 1342 14:
571 1295 601 1340 at
622 1285 681 1340 cidi.
705 1282 786 1343 Anu.
810 1281 889 1352 XII,
912 1281 970 1340 45:
1004 1267 1177 1361 numiui).
1201 1317 1241 1326 -

98 1386 223 1447 Deinde
246 1387 403 1468 aliquoties
427 1388 546 1448 obviam
577 1397 623 1448 est
655 1401 684 1446 at
706 1401 776 1447 certe
807 1388 1055 1466 praecedentibus
1086 1390 1241 1468 particulis

98 1497 213 1562 giuou.
259 1491 360 1552 Germ.
384 1495 424 1553 33
446 1499 473 1552 ci
492 1517 547 1553 mou
570 1473 649 1552 emor
667 1499 768 1568 uestri,
802 1505 924 1552 atcerte
954 1498 1048 1552 odium
1068 1499 1118 1552 eui.
1163 1493 1243 1554 Anu.

100 1597 175 1670 XlI,
201 1599 253 1656 39.
275 1597 356 1671 Hist,
380 1598 433 1670 IV,
457 1599 508 1661 58.
566 1601 646 1660 Raro
670 1595 796 1679 (quator)
826 1598 950 1676 legitur:
975 1611 1005 1656 at
1031 1593 1136 1674 uou⁵):
1161 1599 1241 1660 Hist.
1292 1655 1293 1658 ,

100 1705 149 1778 ΙΙ,Ι
167 1707 224 1764 70:
248 1718 279 1764 ot
299 1727 355 1765 eeu
382 1710 508 1766 Vitellius
523 1712 602 1782 fleuit
624 1712 722 1766 oculor.
767 1700 910 1780 Ann.Vl,
935 1709 985 1766 10.
1007 1701 1079 1778 XII,
1103 1708 1155 1766 36.
1171 1707 1240 1779 XV,

105 1812 155 1870 68.
178 1822 209 1868 at
230 1815 346 1884 decute,
370 1809 450 1891 quod
473 1791 630 1892 quidquies
654 1811 773 1890 legitur,
796 1829 916 1888 semper
937 1810 1075 1870 affectum
1091 1811 1241 1891 quendam

100 1917 252 1977 rhetorice
275 1916 364 1976 medo
389 1917 533 1997 depingit,
562 1937 655 1998 quare
676 1926 722 1977 ter
744 1919 774 1977 in
804 1916 987 1977 orationibus
1015 1925 1129 1977 exstat:
1160 1919 1240 1979 Aac.

99 2021 122 2097 l,
149 2028 206 2086 17:
229 2030 389 2084 atterente
410 2031 524 2085 uerbera
545 2038 571 2085 et
590 2031 714 2100 euicere,
737 2032 839 2084 duram
853 2030 972 2100 hiemem,
995 2030 1129 2086 euerritur:
1150 2038 1239 2084 ceeto-
1314 2039 1317 2046 “

97 2147 148 2206 tea,
173 2138 271 2192 tetum
294 2145 374 2193 otrou
396 2147 445 2193 aut
466 2139 585 2194 eteitem
605 2157 703 2209 pacem
722 2140 899 2208 ccurpiteruu.
942 2129 965 2215 Ι,
990 2136 1046 2193 26:
1081 2147 1111 2192 ut
1131 2140 1240 2192 decute

96 2247 216 2302 cetera
236 2254 262 2300 et
285 2264 375 2302 ueeem
397 2246 501 2302 cuuctio
518 2248 650 2317 permitti.
696 2242 757 2317 ΙΙΙ,
779 2243 838 2302 54:
867 2247 1025 2302 atterente
1045 2265 1122 2302 uemo
1142 2250 1238 2317 refert,

97 2357 176 2424 quod
198 2353 288 2408 Italia
310 2362 436 2408 euteruoe
457 2354 519 2424 opio
541 2354 653 2423 iudicet.
699 2351 879 2410 Praeterea:
916 2348 996 2410 Anu.
1022 2345 1043 2421 Ι,
1068 2353 1101 2410 3:
1124 2364 1154 2408 ot
1175 2355 1236 2409 ker-

96 2463 158 2518 cuie
181 2462 375 2517 Germanicum
397 2465 493 2518 Duum
523 2470 612 2517 ortum
641 2469 700 2516 octo
733 2463 811 2530 oprud
833 2461 959 2516 Rhenum
980 2461 1129 2530 lepiouibue
1150 2462 1245 2532 impo-¹

95 2570 161 2624 mute.
205 2564 281 2638 XII,
304 2566 362 2624 43:
385 2577 415 2623 ot
436 2569 545 2624 hercule
566 2568 632 2624 elim
654 2567 745 2622 Italia
766 2567 916 2636 Iepiouu‘buc
937 2567 1101 2637 leupiuquae
1122 2569 1152 2620 im
1169 2587 1236 2638 pro·

95 2677 205 2732 vinciae
226 2685 389 2732 commeatus
407 2677 550 2748 portabat.
590 2707 627 2716 -
673 2670 846 2751 Aliquando
868 2672 959 2730 etiam
988 2673 1234 2746 morationibus,

97 2784 121 2840 si
146 2789 249 2840 orator
271 2781 326 2842 sibi
348 2783 414 2860 ipae
436 2790 541 2840 contra
564 2781 637 2840 dicit
658 2815 702 2826 -—
730 2779 761 2840 id
792 2778 872 2860 quod
905 2780 976 2838 item
1005 2779 1045 2839 ad
1067 2781 1235 2843 rhetoricen

98 2876 240 2967 pertinet
260 2922 301 2936 --
338 2891 488 2948 invenitur
517 2902 565 2950 at.-
596 2891 675 2949 Anu.
706 2884 762 2963 ΙΙΙ,
794 2889 850 2948 34:
892 2892 965 2946 betto
989 2892 1077 2962 pierre
1106 2895 1236 2950 accinctio

100 3001 240 3054 obertudu:
260 3003 310 3054 ced
330 3001 524 3055 revertentibus
540 3009 605 3070 poet
626 3001 746 3055 laborem
769 3001 843 3069 quod
857 2998 993 3054 domestice
1015 3019 1098 3070 quam
1109 3003 1234 3058 uuorium

97 3110 305 3164 levamentum?
329 3117 359 3162 ut
388 3109 526 3178 quasdem
554 3109 584 3162 iu
605 3108 779 3164 ambitionem
808 3116 857 3162 aut
890 3107 1041 3162 auaritiam
1065 3111 1230 3181 prolapsae.

96 3217 185 3287 quid?
203 3217 327 3288 iptorum
347 3218 559 3286 mopictretuum
580 3234 668 3272 uouue
687 3219 834 3287 pteroequc
862 3215 950 3270 uariis
970 3216 1130 3272 libidinibem
1151 3217 1233 3275 obuo-

95 3327 175 3380 uiuo!
197 3344 252 3380 nom
274 3334 364 3380 tumeo
386 3326 450 3380 ideo
472 3327 604 3382 munimem
626 3327 656 3378 iu
673 3325 848 3396 prouinciam
871 3324 949 3379 mitti.
970 3316 1024 3394 Xl,
1043 3321 1099 3380 24:
1121 3335 1233 3382 etcum

96 3434 250 3490 Seaouihue
267 3433 469 3504 puqmoeimue:
496 3435 600 3490 ecilicet
628 3434 721 3490 Vuuu'
748 3441 773 3488 et
794 3433 887 3502 Aequi
913 3451 1062 3502 numquam
1085 3436 1232 3489 aduersam

97 3543 173 3598 nobie
196 3542 282 3596 odem
305 3542 463 3597 iuetmuuere.
496 3539 580 3611 XIV,
604 3540 659 3598 44:
683 3551 713 3596 at
735 3543 850 3612 quidam
872 3541 991 3595 iueoutce
1009 3542 1143 3610 peribunt.
1167 3562 1233 3598 uum

95 3659 120 3704 et
140 3667 173 3704 ec
194 3652 258 3717 fuco
280 3649 482 3704 euercitucum
504 3652 632 3706 decumus
654 3650 767 3720 quicque
785 3648 858 3716 fecti
876 3647 994 3716 feritur,
1025 3649 1108 3703 etium
1127 3651 1234 3706 streuui

94 3757 251 3812 sortiumur.
305 3755 373 3812 Hoc
396 3755 460 3813 solo
483 3753 573 3813 modo
605 3754 650 3813 bia
682 3754 792 3832 legitur
814 3765 843 3810 ut
864 3757 950 3811 euim:
987 3751 1067 3812 Auru.
1090 3753 1146 3829 IV,
1173 3757 1229 3815 40:

96 3875 124 3920 ot
145 3867 216 3920 euim
237 3866 376 3934 stupeatur
397 3867 485 3931 filiam
507 3884 586 3920 cuum
608 3866 693 3936 equiti
714 3867 840 3920 Remuuo
869 3866 982 3918 tradere
1005 3863 1154 3918 meditatus
1183 3873 1229 3920 eet.

165 4129 193 4198 l)
212 4133 245 4180 Ct.
266 4131 338 4180 Hand.
358 4132 375 4190 l,
396 4130 456 4180 420.

168 4221 240 4286 2)1s
260 4220 322 4268 loeus
349 4221 431 4282 injuria
456 4227 481 4268 ut
505 4219 593 4269 videtur
612 4221 639 4268 ab
664 4220 752 4270 Haaseo
784 4229 806 4270 et
828 4221 965 4286 Nipperdejo
991 4222 1056 4270 obelo
1075 4228 1166 4271 notatus
1184 4231 1227 4272 est.

93 4314 184 4376 Egregie
203 4314 344 4363 domonstrat
362 4312 519 4374 Doederlinns,
539 4314 598 4363 hene
616 4315 749 4364 sententium
769 4316 846 4378 utique
864 4315 1013 4365 necessariam
1033 4330 1092 4365 osse.

163 4402 194 4472 3)
212 4408 246 4456 Gt.
267 4421 323 4470 quae
342 4406 488 4468 exposuimus
506 4421 554 4469 cup.
575 4406 679 4457 anteced.
