3188 5252
686 229 725 288 81

120 404 251 458 maneri
266 421 349 474 posse
371 405 561 460 arbitraretur,
585 433 628 443 -
650 393 778 472 Annll,
793 400 851 458 80:
874 402 942 458 colle
961 406 1068 457 rardua
1090 412 1115 458 et
1136 405 1253 474 cierupto

122 503 234 564 arduus
261 511 309 564 cst
331 505 414 567 collis
436 502 712 583 expugnatoribus3
736 502 891 580 deruptas,
925 521 1070 581 praeceps
1098 521 1137 562 ex
1159 522 1261 562 eorum

120 621 208 691 parte
231 615 283 692 qui
306 611 484 672 defendunt.
506 645 548 658 -
572 605 644 684 XIl,
657 611 715 670 35:
737 616 822 668 nuder
843 622 869 668 et
889 613 1023 684 informer
1042 631 1173 669 anaema
1193 632 1264 669 com-

117 737 215 788 paqea
236 714 313 774 rude
336 723 382 774 est
404 735 490 794 opus,
520 713 655 776 informis
678 714 803 792 species.
827 745 868 758 -
892 713 974 772 Hist.
997 709 1019 785 l,
1042 715 1103 772 30:
1124 719 1208 773 nuber
1230 734 1264 770 ac

119 836 239 889 dumus
266 851 352 904 panea
381 850 489 902 omnem
521 830 593 893 item
624 846 662 886 ex
693 825 829 906 partibus
861 827 997 900 diversis,
1046 834 1081 886 ut
1112 835 1262 887 nostrum:

120 936 230 996 Scham
253 937 314 998 und
338 935 487 998 Schande.
511 911 554 983 -Ι
577 934 653 1014 Agr.
677 937 711 994 2:
740 947 771 994 ut
790 946 965 994 monumenta
985 939 1201 996 alaaeairnornun
1221 941 1263 994 in·
1307 924 1310 929 ¹

117 1050 260 1118 qeniarurn
280 1049 311 1102 in
332 1049 440 1104 comitio
462 1064 497 1103 ac
512 1049 583 1118 fora
603 1053 763 1114 urerentur-5
794 1047 825 1099 in
850 1047 959 1102 condio
990 1041 1144 1122 intellige:
1175 1045 1260 1120 igno·

118 1152 244 1213 miniosa
259 1151 333 1231 ipsis
342 1149 522 1224 auctoribus,
545 1153 661 1223 infero:
684 1147 875 1236 multitudine
890 1147 1261 1230 populiuspicieut01).-

119 1259 199 1320 Hlst.
221 1255 257 1342 ll,
281 1259 321 1318 56
333 1280 342 1346 .²
379 1270 497 1320 ceterum
518 1261 609 1316 Italia
630 1261 745 1331 maante
767 1268 849 1330 atque
871 1261 992 1316 atrocius
1014 1279 1097 1331 quarn
1118 1263 1190 1319 betto
1210 1266 1262 1318 ad·

112 1371 286 1440 jtiaatatm.
329 1367 369 1424 Ni
403 1365 492 1425 fallor
517 1369 632 1438 pacina
664 1371 782 1444 spectat
804 1363 843 1423 ad
865 1364 1080 1443 praedationes
1101 1373 1132 1424 et
1155 1365 1261 1426 devas-

118 1474 248 1534 tationes
270 1470 381 1544 ltaliae,
415 1476 537 1531 atroam
560 1469 600 1530 ad
623 1472 750 1531 militum
780 1469 989 1530 crudelitatem
1011 1480 1102 1552 atque
1124 1472 1260 1532 immani-

119 1585 223 1640 tatem.
246 1613 287 1626 -
310 1575 427 1658 lll,65:
449 1584 534 1637 naba
554 1599 684 1652 uncaque
705 1585 776 1636 duos
797 1589 878 1635 testea
897 1583 1040 1637 haidau.
1084 1579 1262 1639 Beatissimo

120 1686 267 1748 Orellius:
292 1688 436 1764 junctura
469 1685 526 1744 hac
565 1685 674 1744 clarius
704 1686 873 1763 exprimere
901 1684 996 1743 voluit
1025 1693 1118 1745 testes
1141 1686 1262 1747 audisse

118 1795 275 1874 proposita
301 1800 336 1860 ,et
356 1811 503 1871 responsa
525 1791 563 1851 ab
586 1796 646 1851 una'
670 1798 701 1850 et
722 1789 760 1849 ab
782 1791 880 1850 altera
901 1798 997 1869 parte.
1023 1825 1059 1835 -
1084 1793 1182 1854 Nimis
1204 1792 1261 1852 ior·

117 1909 199 1974 tasse
222 1900 391 1980 quaesitum
414 1897 545 1970 videtur,
575 1898 602 1984 ei
625 1897 684 1956 huc
705 1896 792 1956 traho
815 1896 896 1955 Ann.
918 1895 944 1970 I,
980 1898 1036 1956 28:
1071 1902 1097 1955 ei
1118 1905 1212 1972 futqar
1233 1913 1259 1959 et

118 2009 259 2064 etantanto
281 2011 351 2066 deae
371 2009 544 2064 redderetur.
589 2001 636 2061 Ac
667 2008 767 2060 tamen
797 2019 869 2060 non·
887 2021 1045 2082 perperam
1076 2001 1114 2062 dc
1136 2022 1171 2062 eo
1194 2003 1260 2063 loco

119 2121 252 2172 statuere
272 2111 345 2171 mihi
367 2111 483 2170 videor.
525 2109 604 2168 Nam
628 2107 728 2184 fulgor
756 2108 905 2186 cogitatur
927 2109 1012 2190 qnasi
1035 2111 1139 2170 exiens
1162 2109 1201 2172 de
1223 2115 1262 2172 si·

120 2216 191 2276 dere
214 2215 355 2295 quodam,
386 2213 437 2273 vel
459 2211 594 2286 fulmine,
623 2212 673 2272 vel
695 2213 784 2288 igne3
807 2220 839 2270 at
860 2217 1000 2271 claritudo
1022 2213 1180 2292 significat,
1210 2215 1262 2275 ali·

117 2323 232 2404 quida
256 2322 342 2384 nobis
370 2321 529 2402 perspicue
562 2339 596 2378 ac
620 2319 760 2379 distincte
780 2315 907 2403 cerni2).
935 2353 969 2366 -
996 2320 1110 2380 Dubito
1134 2321 1172 2383 de
1194 2313 1279 2384 loco'

119 2429 169 2508 qui
192 2435 240 2488 est
261 2427 343 2486 Hist.
371 2420 423 2498 lll,
456 2427 516 2484 13:
548 2427 667 2497 inthroa
688 2427 903 2498 incruentaeque,
936 2424 1072 2503 possitne
1098 2427 1260 2505 explicari:

118 2536 216 2596 illaesi
238 2543 269 2594 et
289 2509 345 2614 ¹qui
370 2533 428 2612 ipsi
455 2533 604 2594 neminem
628 2532 838 2592 vulnerassent
859 2531 908 2592 val
930 2532 1159 2593 interfecissent.
1202 2535 1262 2594 Per

1 2699 2 2704 ,
118 2662 151 2702 se
172 2640 362 2720 vocabulum,
386 2638 469 2719 quod
492 2647 538 2699 est
551 2644 709 2696 incruentae
732 2655 829 2719 neque
851 2639 981 2700 activum
990 2658 1088 2719 neque
1106 2641 1261 2719 passivum

118 2768 238 2810 sensum
261 2745 392 2818 exhibet,
422 2753 513 2826 atque
542 2753 577 2805 ut
603 2750 773 2819 fauorabilis
795 2744 875 2806 Ann.
899 2742 969 2822 Xll,
1000 2747 1148 2825 dactive,
1181 2751 1262 2809 Hist.

118 2853 152 2930 ll,
185 2859 226 2917 97
256 2855 378 2935 passive
409 2862 582 2932 usurpatur,
616 2854 687 2933 quin
719 2861 753 2912 ut
784 2857 893 2928 iqnotna
914 2852 995 2914 Ann.
1019 2849 1054 2928 ll,
1088 2859 1125 2915 71
1161 2858 1260 2917 activo

118 2984 208 3025 sensu
238 2963 369 3043 positum
391 2961 554 3032 iuvenitur,
587 2961 631 3019 ita
666 2960 755 3018 ctiam
779 2965 937 3020 taruenna
965 2959 1023 3019 hoc
1051 2959 1117 3021 loco
1138 2966 1260 3042 passive

118 3072 285 3132 adhibitum
318 3087 385 3130 essa
415 3076 548 3130 statuere
573 3066 684 3128 liceret
730 3066 792 3128 Sed
822 3076 928 3127 contra
958 3068 1032 3128 mihi
1053 3069 1194 3130 videntur
1215 3072 1259 3132 fa-

117 3199 184 3240 cere
208 3177 267 3238 duo
289 3176 348 3235 loci
370 3175 508 3234 Liviani:
541 3170 592 3256 lV,
617 3175 668 3252 28,
697 3175 735 3233 7:
770 3179 831 3245 iarn
852 3195 886 3231 ne
900 3179 983 3232 duces
1005 3179 1116 3248 quidem
1138 3181 1262 3238 Romani

116 3286 253 3342 incantanti
285 3291 418 3354 puqnant.
462 3273 543 3352 Vlll,
578 3279 629 3359 29,
661 3278 717 3336 12:
753 3281 974 3350 haudquaquam
1005 3283 1147 3338 incruento
1174 3284 1261 3340 milite

117 3412 173 3448 dido.
196 3423 240 3433 ·-

203 3495 297 3554 Amat
326 3494 454 3573 scriptor
475 3492 658 3570 conjungere
686 3490 746 3550 duo
768 3489 915 3550 vocabula
936 3509 1026 3550 senen
1048 3492 1166 3566 similia,
1188 3514 1260 3574 quo·

118 3631 182 3672 rum
217 3609 345 3670 alterum
376 3608 486 3667 tralata
516 3615 546 3667 et
574 3606 694 3685 poetice
728 3603 838 3664 dictum
873 3613 929 3664 est.
971 3605 1073 3684 Atque
1110 3609 1261 3686 poeticum

118 3730 298 3808 plerumque
320 3721 483 3803 praecedit,
519 3722 562 3780 ita
584 3728 617 3781 ut
647 3739 702 3800 par
735 3720 901 3798 prosarium
926 3719 1092 3798 explicetur
1114 3723 1261 3804 quodam-

117 3831 226 3907 mod03
250 3829 276 3887 si
297 3828 440 3907 sequitur,
464 3825 547 3904 prins
570 3824 670 3884 colore
693 3822 826 3902 quodam
853 3824 971 3901 poetico
994 3824 1081 3883 simul
1103 3825 1261 3904 superfun-

116 3936 167 3996 dit.
212 3925 323 4005 Hirti,
347 3935 384 3990 1:
406 3933 564 3988 obtrectatio
587 3941 612 3987 ct
633 3931 712 3986 iiaar.
735 3924 812 4004 Agr.
834 3927 893 3986 41:
916 3931 1090 4001 maliqnitate
1112 3950 1147 3987 aa
1167 3935 1261 4004 liuore,

118 4037 209 4100 Ovid.
233 4055 327 4095 amor.
350 4029 432 4105 l,ld,
447 4037 481 4094 1:
505 4036 575 4107 quid
598 4035 673 4105 milri,
697 4035 783 4088 Liuor
806 4037 889 4106 edam
909 4036 1024 4104 iqnaaos
1047 4037 1143 4104 abjicis
1165 4057 1259 4094 annos.

118 4152 147 4204 et
170 4164 199 4202 v.
224 4145 281 4204 39:
301 4144 428 4216 parcitur
449 4144 479 4199 in
499 4142 570 4198 niuis
591 4143 668 4198 liuor.

189 4301 216 4362 1)
236 4302 264 4350 cl.
282 4259 423 4349 wituella
448 4294 485 4347 ad.
506 4298 529 4348 h.
547 4299 562 4346 l.

188 4372 217 4436 2)
235 4374 264 4422 ci.
284 4371 390 4420 Doederl.
409 4370 497 4431 Synon.
517 4370 545 4429 ll,
564 4367 606 4418 85.
