3196 5270
492 1333 807 1450 reoouruun.

172 1583 305 1646 Seriores
335 1583 538 1645 Romanorum
569 1585 729 1666 scriptores
759 1585 935 1664 elegantiam
967 1581 1084 1646 dicendi
1114 1584 1146 1646 in
1177 1603 1213 1646 eo

91 1692 211 1753 maxime
248 1691 400 1774 posuisse,
437 1691 518 1772 quod
545 1693 662 1771 rejectis
692 1693 822 1775 periodis
852 1689 1011 1756 artificiose
1043 1693 1214 1774 compositis

88 1802 247 1874 enuntiata,
272 1817 399 1880 quornm
422 1799 547 1860 alterum
568 1801 655 1862 alteri
681 1799 896 1882 subjiciendum
917 1808 989 1875 erat,
1018 1801 1140 1862 seorsim
1160 1821 1213 1882 po-

86 1917 190 1969 nerent
211 1917 244 1970 et
265 1929 320 1969 suu
341 1908 473 1990 quidque
494 1910 525 1968 vi
546 1916 702 1983 acuerent,
727 1911 806 1972 inter
827 1929 930 1970 omnes
952 1909 1087 1972 homines
1109 1908 1213 1970 doctos

84 2024 211 2078 constat.
254 2017 363 2078 Mirum
384 2024 493 2089 tamen,
516 2016 597 2098 qnod
611 2016 766 2098 bucusque
786 2035 873 2078 nemo
895 2016 933 2078 de
953 2017 1009 2078 hac
1028 2017 1214 2098 proprietate

84 2123 252 2203 diligentins
287 2125 444 2204 quaesivit.
498 2121 599 2198 Quare
628 2127 886 2205 operaepretium
915 2144 980 2186 esse
1000 2124 1159 2206 putabam,
1188 2125 1214 2186 ri

83 2234 222 2294 Tacitum
244 2233 376 2294 omnium
398 2253 470 2294 suae
490 2233 597 2294 aetatis
623 2235 801 2314 scriptorum
823 2234 988 2315 principem
1017 2253 1106 2314 qnam
1127 2253 1212 2294 accu-

81 2342 230 2402 ratissime
249 2349 461 2423 perscrutarer,
483 2349 518 2401 ut
539 2361 613 2422 quas
635 2341 715 2420 leges
730 2342 785 2403 hae
805 2342 837 2402 in
850 2359 882 2404 re
900 2341 1021 2403 ¹secutus
1034 2349 1121 2417 esset,
1143 2361 1212 2402 oon*

80 2450 168 2508 tinne
190 2450 323 2510 oratione
345 2447 509 2511 describere
531 2468 661 2528 possem.

167 2555 228 2616 Sed
248 2564 366 2617 tantum
387 2555 481 2630 abest,
503 2563 538 2615 ut
550 2556 688 2616 Tacitum
710 2556 802 2615 totins
823 2553 911 2634 hujus
933 2555 1038 2616 aetatis
1059 2561 1211 2616 auctorem

79 2664 202 2738 faciam,
233 2672 268 2724 ut
288 2683 372 2724 suam
395 2682 543 2744 quemque
564 2665 597 2724 in
622 2670 687 2723 arte
708 2659 855 2724 scribendi
875 2663 1022 2726 rationem
1044 2664 1128 2744 sequi
1150 2663 1210 2724 exi·

77 2773 205 2831 stimem.
247 2767 459 2852 Nequeprins
488 2769 527 2831 ad
553 2770 672 2851 plenem
699 2776 790 2849 atque
818 2767 985 2830 absolutam
1014 2771 1134 2850 linguae
1154 2770 1209 2830 La·

77 2880 176 2953 tinae,
206 2879 302 2959 qualis
323 2886 395 2938 tuuc
424 2877 497 2953 fuir,
530 2878 731 2956 cognitionem
751 2877 960 2957 pervenietur,
990 2895 1080 2957 quam
1109 2878 1209 2940 nnius·

77 2987 223 3070 cujusque
243 2987 395 3068 scriptoris
417 2987 616 3049 elocutionem
637 3006 732 3066 usque
753 2984 791 3045 ad
804 2986 933 3046 minutas
956 3005 1005 3046 res
1023 2994 1210 3068 perspectam

76 3093 251 3156 habebimus
264 3091 299 3173 ¹).
348 3093 461 3182 Verum
496 3101 595 3154 tamen
634 3093 785 3176 singulare
816 3091 890 3153 illud
925 3092 1006 3173 apud
1037 3093 1210 3156 historicum

76 3203 172 3280 magis
194 3203 227 3261 in
247 3208 351 3282 aperto
374 3221 441 3262 esse
462 3208 600 3282 oportet,
629 3217 699 3260 narn
721 3201 772 3280 qui
794 3219 842 3260 res
862 3207 961 3278 gestas
984 3208 1019 3259 nt
1039 3208 1208 3282 temporum

77 3310 206 3371 decursu
227 3317 410 3383 evenerunt,
441 3309 584 3370 continuo
611 3307 715 3370 ordine
737 3315 871 3381 enarrat,
902 3305 946 3390 (et
966 3308 1039 3370 baec
1067 3310 1144 3369 ratio
1166 3310 1208 3370 hi-

78 3419 200 3480 storiam
229 3415 433 3478 conscribendi
461 3415 542 3497 apud
567 3416 720 3478 Romanos
750 3435 811 3476 una
830 3415 954 3492 veluit),
987 3436 1055 3478 eum
1084 3415 1209 3498 simplici

80 3533 107 3585 et
127 3525 282 3605 incompto
311 3525 357 3584 uti
377 3523 446 3584 stilo
469 3530 701 3585 consentaneum
729 3531 784 3584 est.
825 3523 894 3584 Duo
923 3523 1015 3602 igitur
1035 3532 1106 3585 sunt
1127 3523 1208 3604 apud

77 3633 224 3706 Tacitum,
246 3650 323 3714 quae
345 3651 438 3712 quum
460 3630 499 3693 ad
521 3631 648 3693 eundem
672 3631 761 3692 linem
781 3639 917 3711 spectare
936 3630 1104 3708 videantur,
1126 3631 1205 3692 diffe-

74 3748 148 3804 rnnt
168 3748 269 3802 tamen
292 3759 382 3820 quam
402 3740 540 3800 maxime.
582 3737 660 3800 Nam
689 3738 815 3800 alterum
836 3738 998 3820 simplicem
1023 3737 1119 3800 reddit
1142 3761 1207 3801 ora⁴

74 3850 208 3924 tionem,
237 3847 364 3910 alterum
393 3847 545 3926 dissolvit,
576 3833 704 3910 alterum
733 3867 772 3908 ex
803 3866 902 3910 rerum
931 3855 1039 3909 natura
1066 3849 1206 3924 nascitur,

75 3956 204 4016 alterum
226 3955 341 4016 consilii
361 3963 452 4036 atque
473 3955 544 4016 artis
566 3962 622 4016 est.

149 4234 176 4302 1)
195 4235 256 4286 llaec
273 4233 348 4286 stndbr
366 4233 448 4286 mbnm
465 4231 580 4300 ¹quamdin
602 4233 703 4298 neglecta
729 4230 860 4286 novissimis
885 4228 1026 4298 temporibus
1049 4233 1120 4296 mens
1139 4231 1204 4284 elilo-

32 4341 36 4349 ·
73 4329 149 4379 ruisse
173 4331 271 4393 probent
294 4327 363 4380 libelli
388 4347 402 4379 a
425 4329 591 4393 Weinlraulilo,
624 4332 791 4394 Grasbergero‚
824 4327 963 4392 llolsteinio,
994 4329 1124 4378 Lehmrnno
1155 4328 1203 4377 aliis

72 4422 202 4488 mnsrripti.

923 4519 938 4577 1
