3188 5252
673 291 733 354 135

145 478 195 524 aot
217 467 265 526 vel
287 473 330 528 act
350 477 458 530 eontra
485 489 570 530 usum
581 469 751 529 Tacitinum
774 467 895 540 laceret,
919 487 988 527 nam
1010 466 1092 546 quod
1113 486 1206 546 snpra
1227 465 1289 525 dixi

151 609 189 620 -
215 576 356 638 exhibere
379 577 528 639 interdum
561 593 609 640 aot
643 597 745 659 parem
777 578 839 637 vim
870 596 905 636 ae
932 597 980 635 nec
1013 575 1060 635 vel
1093 597 1179 650 capua
1209 575 1290 656 quod

146 684 312 764 praecedat
334 719 375 732 -·-
398 685 429 746 id
462 696 525 747 tum
557 689 654 748 solnm
676 685 773 761 valet,
810 686 836 745 si
867 685 1004 744 ultimum
1039 683 1169 743 adnectit
1201 688 1289 744 trium

147 789 255 848 saltem
278 791 496 869 membrorum
524 793 578 854 aed
599 798 642 853 aad
672 812 710 852 ne
733 793 774 852 sie
798 790 919 870 quidem
942 792 1111 863 invenitur,
1145 798 1289 870 quantum

146 915 205 974 ego
228 897 397 958 observavi.
443 898 619 960 Certatum
644 900 701 961 diei
724 897 867 959 debebat:
902 917 972 958 non
1003 897 1122 975 disjecti
1144 898 1193 956 val
1215 917 1289 976 pan-

146 1023 249 1063 corum
274 1005 417 1066 instinctu
428 1003 459 1089 ¹).
503 1007 614 1087 Neque
631 974 819 1067 waltherum
841 1006 986 1083 intelligo,
1010 1007 1061 1087 qui
1083 1027 1168 1081 capre
1192 1006 1289 1084 expli·

145 1119 195 1170 cat
216 1132 271 1191 per
293 1121 427 1174 nostrum
451 1121 521 1174 anab
541 1120 630 1192 aiam,
661 1120 735 1174 nicht
757 1120 865 1174 domat.
919 1115 1073 1174 Haasenm
1103 1133 1174 1173 vero
1198 1116 1284 1174 nimis

146 1218 255 1278 fortem
292 1221 358 1280 loco
400 1222 536 1300 attulisse
578 1223 754 1283 medicinam
795 1221 882 1283 facile
920 1220 1073 1302 probetur.
1132 1222 1211 1282 Nam
1256 1230 1288 1281 ut

147 1328 284 1387 omittam
317 1329 398 1409 qnod
433 1332 619 1390 concinnitas
654 1331 838 1409 singulorum
871 1328 1069 1390 membrorum
1104 1349 1198 1408 prave
1227 1337 1289 1389 tur·

146 1431 248 1509 batur,
281 1455 359 1516 qnae
389 1439 491 1497 omnia
513 1439 571 1497 sint
595 1439 737 1518 bipartita
759 1436 869 1519 (magni
900 1445 989 1517 atque
1023 1430 1221 1516 implacabilis
1246 1472 1289 1481 -

145 1561 246 1622 neque
278 1542 395 1622 disjecti
428 1546 471 1605 nil
501 1565 666 1624 pancorum
705 1546 847 1605 instinctu
883 1580 925 1590 -·
952 1546 1065 1623 pariter
1100 1544 1290 1605 ardescerent

147 1653 260 1730 pariter
297 1653 419 1714 silerent
454 1687 495 1698 -
531 1655 715 1734 aequalitate
746 1661 777 1712 et
807 1654 1005 1732 constantia),
1048 1653 1162 1713 nudum
1197 1652 1287 1713 illnd:

148 1761 188 1818 nil
227 1780 391 1839 paucorum
426 1763 569 1822 instinctu
603 1762 642 1822 ad
678 1781 798 1822 sensnm
831 1782 891 1821 non
928 1762 1036 1821 suflicit
1074 1762 1112 1822 ob
1145 1782 1181 1821 ea
1211 1781 1288 1841 qnae

149 1876 354 1946 opponuntur:
376 1872 489 1949 pariter
511 1869 700 1929 ardescerent
721 1870 834 1948 pariter
857 1871 990 1929 silerent.
1044 1870 1123 1929 Nam
1147 1869 1221 1928 nihil
1242 1871 1287 1928 in·

148 1975 245 2036 dicat:
270 1979 342 2036 nisi:
357 1955 475 2038 ‘milites
498 1998 559 2038 non
581 1998 746 2058 pancorum
769 1977 893 2038 turbidis
918 1988 1009 2058 atque
1032 1978 1181 2038 seditiosis
1205 1981 1288 2056 inge·

148 2085 205 2143 niis
228 2088 395 2145 concitatos
418 2106 485 2146 esse
503 2085 602 2167 (quod
625 2107 672 2147 ex.
694 2107 740 2165 gr.
755 2088 938 2146 Pannonicis
962 2087 1130 2162 legionibus
1153 2087 1289 2165 perPer-

148 2195 287 2252 cennium
325 2193 435 2254 facturn
476 2203 541 2255 erat
571 2196 609 2255 cf.
637 2216 703 2277 cap.
728 2199 798 2276 1e);
836 2206 882 2256 est
911 2197 1003 2272 igitur
1033 2197 1201 2276 oppositio:
1234 2215 1290 2256 aua

148 2321 297 2382 quomque
320 2311 427 2382 sponte
449 2305 557 2379 egisse.
604 2301 693 2379 Quod
716 2313 817 2364 antem
828 2305 1039 2382 gravissimum
1061 2312 1117 2377 eat,
1140 2323 1190 2363 eos
1207 2302 1287 2362 nullo

147 2411 317 2488 imperante
350 2419 380 2472 et
410 2410 556 2485 ducente,
594 2420 695 2471 tamen
729 2432 788 2472 nno
821 2414 919 2471 animo
952 2430 1160 2491 consensuque
1188 2412 1289 2470 omnia

148 2517 326 2594 suscepisse,
349 2516 379 2576 id
402 2515 577 2592 designatur
600 2516 715 2576 verbis:
743 2538 830 2593 aequa
852 2521 967 2590 disjecti.
1025 2516 1074 2576 Sic
1099 2515 1217 2575 demum
1238 2515 1288 2574 ab·

149 2622 265 2682 solutus
286 2631 332 2682 est
354 2641 477 2699 sensus3
501 2623 543 2680 sic
567 2622 687 2682 demum
710 2623 800 2682 iniis
825 2642 902 2702 qnae
926 2631 1092 2702 sequuntur
1114 2622 1222 2680 verba:
1259 2633 1290 2678 at

148 2731 209 2799 rapi
229 2731 354 2785 aradam
377 2725 488 2786 habent
511 2747 588 2807 qnae
612 2729 785 2807 respiciant.
809 2761 855 2772 -
887 2726 958 2786 Janr
982 2725 1053 2806 qnid
1073 2725 1218 2785 faciamus
1241 2745 1289 2783 co·

150 2832 222 2892 dicis
245 2833 387 2893 lectioni?
431 2834 512 2894 Num
525 2833 665 2896 Grotiurn
688 2844 769 2896 recte
792 2835 898 2896 fecisse
916 2834 1144 2914 judicabimus?
1167 2835 1290 2894 Minime

151 2962 232 3002 vero.
276 2943 342 3021 Ego
364 2963 420 3023 pro
443 2953 526 3002 certa
549 2944 645 3005 habeo
669 2947 889 3023 conjecturam:
917 2949 992 3018 qnod
1013 2947 1054 3002 nil
1071 2965 1227 3018 paucorum
1249 2948 1290 3001 in-

152 3056 257 3126 stincta,
278 3072 365 3127 aequa
385 3049 542 3132 disjecti²j,·
573 3072 703 3134 namque
735 3054 831 3114 elucet
862 3071 900 3112 ex
922 3053 956 3112 iis
979 3071 1057 3133 qnae
1086 3054 1177 3112 modo
1200 3072 1290 3132 expo-

151 3161 206 3233 sni,
224 3161 310 3237 juste
334 3157 428 3218 verba
449 3181 535 3235 aeque
557 3165 668 3234 disiecti
688 3160 835 3221 sumenda
859 3179 924 3219 esse
949 3167 982 3219 nt
1004 3159 1172 3218 accuratius
1196 3157 1290 3237 expli·

150 3267 249 3325 cantia
271 3267 458 3326 enuntiatum
488 3273 529 3327 ait
553 3291 710 3344 pancorum
737 3273 873 3327 indicna.
928 3267 981 3327 Sin
1010 3286 1083 3326 vero
1107 3264 1291 3342 conceditur,

150 3393 259 3452 reapse
281 3376 358 3433 inter
381 3373 441 3434 duo
471 3375 522 3434 illa
551 3363 707 3436 enuntiata
736 3375 922 3436 intercedere
950 3377 1096 3434 rationem
1120 3374 1221 3446 illam,
1254 3393 1292 3434 ex

151 3503 211 3563 qna
233 3482 361 3542 alterum
384 3483 422 3543 ab
445 3484 541 3544 altero
565 3485 654 3546 altius
676 3485 835 3545 definiatur
857 3519 897 3529 -
932 3485 1049 3563 etquis
1073 3493 1119 3542 est
1142 3484 1213 3563 quin
1236 3481 1293 3542 hoe

151 3590 275 3650 videat?
296 3623 341 3636 -
362 3593 531 3652 necessario
553 3595 698 3674 sequitur,
721 3593 760 3654 de
781 3615 868 3670 cepres
880 3625 922 3637 --
938 3615 997 3665 acc,
1020 3590 1101 3672 qnod
1124 3591 1183 3651 dno
1199 3611 1291 3650 mem·

150 3695 204 3756 bra
227 3707 260 3755 ut
281 3715 376 3777 aequo
398 3697 531 3756 valentia
553 3699 686 3773 distinet,
710 3700 849 3760 hocloco
872 3718 910 3758 ne
923 3695 1180 3777 eogitariqnidam
1193 3716 1292 3775 possa.

152 3803 265 3864 Contra
287 3803 386 3861 omnia
411 3805 522 3881 optime
545 3803 673 3878 habent,
709 3808 734 3866 si
758 3825 797 3866 ex
820 3815 922 3865 nostra
945 3804 1083 3864 scribitur
1111 3808 1292 3883 conjectura,

152 3913 387 3992 necquicquam
412 3914 505 3988 magis
528 3932 615 3973 usum
636 3914 808 3975 Tacitinum
831 3914 964 3988 redolet,
999 3934 1088 3993 quam
1117 3935 1203 3988 acqua
1225 3923 1294 3992 post

226 4166 252 4228 1)
272 4168 374 4218 liberius
392 4183 458 4231 agore
477 4169 581 4221 videntur
599 4179 680 4235 poetae
699 4173 766 4237 hujus
785 4171 872 4222 acuns.
891 4172 920 4224 cl.
939 4171 996 4222 Stat.
1014 4169 1064 4219 silv.
1087 4170 1105 4230 1,
1125 4169 1149 4230 4,
1169 4166 1217 4218 66:
1233 4185 1295 4219 uam

154 4277 234 4328 nequa
250 4260 376 4330 pletejam
395 4271 440 4313 cat
457 4263 546 4315 denno
565 4265 619 4316 rina
637 4267 740 4317 numios
759 4275 855 4316 cretam
875 4267 953 4317 Sarno
973 4265 1095 4314 animam.
1145 4263 1212 4316 Plura
1231 4262 1292 4326 apud

152 4355 266 4405 Handinm
284 4356 302 4416 l,
323 4353 382 4405 545.
407 4356 523 4422 Nnmjant
541 4359 661 4422 aVargilio
678 4361 711 4410 sic
722 4361 818 4423 dicatur,
837 4360 982 4424 nnncipeum
1002 4373 1048 4408 non
1060 4358 1199 4422 inpromptu
1212 4358 1294 4408 haheo.

225 4448 254 4515 2)
273 4449 302 4498 Ut
319 4456 399 4512 postca
418 4449 470 4513 vidi,
489 4459 511 4502 at
530 4453 635 4504 lloaderl.
655 4454 683 4504 de
701 4455 743 4505 bac
760 4453 937 4519 transpositione
956 4451 1069 4515 cogitavit.
