3188 5252
642 354 704 414 113

109 521 234 603 dictum,
270 527 407 588 nimirum
432 525 627 606 expertibus
658 525 823 586 contrariis.
879 522 915 601 Iol
945 530 1048 585 nostra
1075 520 1177 600 lingua
1199 520 1241 580 sic

108 633 209 695 audit:
232 654 287 696 vor
309 634 377 696 dem
401 633 502 694 Stolne
526 633 726 707 deaMennes‚
749 631 802 692 der
825 649 939 708 sogar
961 631 1010 692 die
1031 629 1145 692 welche
1168 627 1240 705 glei-

106 740 180 801 chen
203 741 324 820 Ranges
357 742 411 802 mit
440 740 499 800 ihm
532 761 631 801 waren
660 740 743 800 nicht
774 738 885 800 dulden
907 739 1035 814 loonio,
1068 739 1136 799 wie
1158 735 1242 795 viel

1 859 2 878 ¹
101 847 274 923 ·weniger
296 849 397 909 solche
419 847 468 908 die
489 847 582 909 hither
605 848 740 910 standon.
786 847 965 928 Ceteroquin
987 866 1043 906 nos
1065 845 1240 926 particulam

107 954 235 1015 reddere
257 956 387 1016 solemus
408 975 482 1016 voce
503 959 600 1032 eonon,
635 953 703 1030 sed,
726 962 758 1014 ut
781 952 896 1028 elucet,
925 954 1006 1014 nulla
1027 952 1241 1031 significatione

107 1064 250 1143 temporis
273 1063 400 1127 subdita.
425 1097 464 1107 -
488 1083 556 1123 ann.
579 1063 604 1139 Ι,
629 1067 685 1123 11:
711 1068 819 1124 sibeno
841 1067 924 1124 etiam
945 1067 976 1122 in
996 1067 1075 1122 rebus
1097 1083 1167 1136 quoe
1187 1082 1242 1121 non

108 1177 239 1233 occuleret
258 1193 393 1247 suspenso
415 1193 521 1247 semper
543 1184 568 1231 ct
590 1177 707 1233 obscuro
729 1177 821 1247 uerbo,
843 1184 907 1231 tnnc
928 1193 992 1232 uero
1009 1175 1089 1234 rin
1110 1174 1242 1229 incer-tuno

108 1293 132 1342 et
154 1283 309 1356 ontbipuunc
330 1287 419 1357 napis
439 1286 661 1357 implicabamur.
704 1281 745 1358 ΙΙ,
769 1285 826 1342 36:
853 1287 994 1358 nnoerbine
1015 1285 1136 1341 tonino
1158 1284 1241 1339 ctiam

108 1411 202 1450 annuo
231 1395 419 1466 designatione
426 1416 437 1466 ,·
470 1395 539 1466 qnid
569 1395 741 1452 eilrononeon
759 1412 813 1466 per
834 1395 1047 1466 quinquennium
1067 1393 1176 1464 aquen
1199 1423 1240 1434 —
1329 1407 1332 1410 ·

107 1498 150 1578 ΙΙ,
175 1499 234 1562 84:
256 1506 331 1574 quod
352 1521 448 1558 nonum
469 1490 623 1574 laetumque
644 1504 727 1558 etiam
741 1503 857 1558 modicis
874 1502 1020 1576 penatibus
1041 1507 1117 1556 tento
1137 1497 1242 1570 gaudio

107 1607 259 1680 principem
279 1585 393 1681 adfecit,
413 1617 444 1664 ut
465 1627 520 1665 non
541 1610 732 1680 temperooen't
754 1612 801 1666 cet
814 1599 850 1680 1).

190 1711 262 1774 Jum
284 1715 479 1793 respicientes
495 1713 574 1774 huuc
595 1733 681 1774 usum
705 1721 736 1773 et
757 1713 870 1773 iontem
892 1711 971 1772 unde
993 1711 1121 1794 fluxerit,
1145 1710 1240 1770 locum

111 1820 269 1899 explanare
292 1819 476 1882 studebimus
499 1841 576 1882 nnnc
599 1821 637 1881 ab
669 1818 806 1882 omnibus
829 1841 883 1901 pro
909 1828 1047 1900 corrupto
1072 1819 1191 1879 ductum
1203 1813 1239 1898 ²),

108 1931 296 1990 senissimum
319 1939 421 1990 tamen
442 1937 475 1989 ut
498 1930 569 1990 mihi
584 1929 704 2012 quidem
728 1929 855 2000 videtur.
900 1904 1024 2007 Legitur
1048 1937 1146 1988 eutem
1169 1947 1238 1987 ann.

106 2036 175 2112 ΧΠ,
198 2039 258 2100 4οι
283 2050 312 2098 at
334 2042 438 2098 Oueeoo·
459 2044 568 2114 cognitu
588 2051 674 2099 morte
694 2043 795 2114 leonti,
829 2059 862 2098 ne
887 2040 1036 2113 prouincia
1057 2039 1116 2095 aine
1137 2048 1240 2096 rectore

105 2153 185 2223 soret,
208 2150 243 2206 A.
266 2151 386 2206 Didium
407 2152 520 2224 moeno.
553 2153 716 2225 inpropere
743 2159 833 2207 neotus
860 2168 914 2206 non
942 2158 1033 2206 tannen
1053 2148 1175 2219 intepnoe
1195 2165 1240 2202 ree

105 2257 222 2331 inuenit,
260 2261 381 2315 anunm
412 2260 522 2315 interim
547 2260 791 2332 legionensem,
814 2260 860 2315 erni
879 2260 1006 2316 Manlius
1039 2258 1138 2314 Vuicne
1155 2273 1240 2328 prae-

28 2404 33 2428 s
105 2376 173 2440 crat,
194 2375 331 2440 nuncque
353 2376 385 2424 ct
406 2369 485 2440 opud
516 2367 603 2424 lcoetee
624 2369 683 2440 eiua
704 2369 747 2425 rei
765 2373 862 2440 junco,
894 2387 947 2440 quo
968 2366 1116 2424 uenientem
1143 2368 1240 2422 ducent

106 2475 278 2548 ennnnent,
300 2484 382 2548 utque
402 2476 451 2531 illo
472 2484 586 2546 augente
608 2476 724 2548 audito,
755 2484 786 2531 ut
806 2476 898 2545 major
919 2475 982 2531 ioue
1003 2473 1159 2548 compositi,
1195 2472 1239 2528 oei

104 2579 130 2639 ei
137 2583 320 2656 duravissent,
342 2583 534 2654 ooniojuetior
555 2583 724 2638 numeretur.
761 2577 888 2659 Scripsit
902 2578 1121 2659 Nipperdejus:
1145 2587 1239 2636 aucto·

105 2709 156 2765 oue
177 2700 237 2765 eet,
260 2689 400 2748 semicolo
421 2689 520 2768 posito
542 2701 611 2768 post
632 2687 810 2747 vocabulum
832 2700 902 2748 erut.
954 2687 1016 2748 Sed
1038 2695 1072 2748 ut
1094 2687 1237 2759 omittam,

105 2797 186 2877 quod
208 2796 283 2856 haec
305 2797 452 2857 sententia
473 2804 507 2856 ut
528 2795 705 2856 secundaria
726 2795 874 2878 quaedam
904 2797 1022 2879 perivi
1051 2815 1116 2856 cum
1140 2794 1238 2856 verbis

105 2927 161 2965 non
180 2917 272 2966 tannen
292 2909 414 2981 instemus
433 2927 478 2966 reu
505 2909 608 2965 inuenit
636 2923 697 2965 non
719 2904 796 2964 bene
819 2904 961 2984 conjungi
982 2911 1098 2984 potest,
1136 2912 1239 2962 contra

109 3015 271 3088 enuntiata,
295 3033 372 3096 quae
392 3013 532 3074 ablativis
554 3031 628 3094 quoe
644 2995 747 3074 dicunt
769 3011 912 3073 absolutis
935 3020 1081 3085 constant,
1104 3010 1238 3070 aTacito

107 3121 281 3201 saepissime
304 3121 437 3182 connecti
464 3120 583 3196 solent,¹
608 3120 780 3200 conjectura
801 3117 978 3199 Nipperdeji
1013 3121 1101 3179 etiam
1135 3126 1238 3178 contre

102 3232 199 3309 justas
222 3230 372 3308 cogitandi
393 3231 476 3309 leges
498 3230 579 3293 facit.
623 3229 701 3290 Nam
725 3248 859 3289 rumores
871 3230 922 3309 qui
945 3228 983 3289 de
1006 3228 1131 3308 legionis
1153 3226 1239 3287 clude

106 3339 421 3412 circumferebantur.
445 3338 569 3399 Didium
592 3339 706 3400 tamdiu
728 3337 824 3410 solum
847 3355 968 3396 movere
990 3344 1145 3418 poterant,
1169 3333 1237 3394 dum
1279 3319 1282 3326 ¹

107 3449 144 3508 ad
168 3449 317 3528 legionem
343 3451 480 3529 pervenit
504 3449 624 3530 suisque
642 3449 708 3528 ipse
731 3447 823 3507 oculis
845 3447 897 3527 qui
920 3454 999 3505 esset
1021 3455 1116 3506 status
1139 3464 1236 3504 rerum

107 3560 270 3637 perspexit,
307 3577 378 3637 ergo
401 3567 558 3639 antequam
583 3576 619 3617 ea
641 3557 756 3630 fierent,
780 3574 857 3638 quae
880 3555 1044 3614 sententie:
1073 3576 1128 3614 non
1148 3565 1239 3612 tannen

41 3729 44 3738 ¹
105 3670 227 3741 integros
247 3687 293 3726 ree
323 3657 461 3726 inuenit
491 3673 672 3746 spectantur.
724 3663 838 3724 ldcirco
861 3662 966 3722 Tacito
998 3681 1056 3722 non
1080 3661 1238 3722 dicendum

106 3774 221 3836 luerat:
244 3787 380 3852 coneptu
403 3785 461 3848 eet,
483 3774 537 3834 sed
553 3776 617 3833 sine
629 3773 735 3834 dubio:
759 3785 894 3850 auctoque
908 3782 994 3835 eret.
1026 3769 1115 3848 Quod
1130 3769 1238 3831 deinde

105 3884 245 3946 Halmius
269 3885 440 3965 proposuit:
461 3905 548 3960 oeque
568 3887 617 3943 illo
639 3858 753 3958 eugenio
775 3903 830 3964 pro
854 3893 935 3958 utque
955 3885 1006 3968 ello
1028 3875 1183 3962 unumst),
1196 3880 1239 3938 ite

179 4137 207 4202 l)
225 4137 346 4200 Negasne:
364 4138 469 4200 inulll,
489 4114 537 4190 3⁹4:
557 4155 622 4206 quoe
639 4155 672 4190 ne
689 4137 931 4206 corrjnpunrqnidcm
947 4143 1060 4205 penates,
1079 4134 1142 4186 odeo
1159 4134 1239 4186 socios

105 4247 157 4282 non
175 4240 287 4282 onerent.
309 4259 341 4269 -
378 4231 408 4300 2)
428 4233 557 4284 Walthcrus
575 4232 686 4296 integrum
703 4233 809 4297 reliquis,
835 4232 877 4282 sed
894 4239 920 4282 ut
944 4237 1061 4296 compares
1083 4245 1110 4280 eu
1133 4229 1161 4279 iis
1182 4243 1239 4294 quus

105 4324 219 4375 adnotavit
236 4339 288 4374 vere
305 4324 347 4375 loci
365 4325 484 4376 difficultas
503 4341 555 4377 eum
573 4341 668 4390 prorsus
686 4327 809 4390 praeteriit.

179 4417 208 4486 3)
226 4419 319 4484 Recepit
349 4419 466 4483 liaeseus,
497 4435 635 4486 numquam
663 4421 713 4485 ipse
737 4421 841 4473 licinius
871 4421 895 4472 in
919 4422 955 4474 ed.
973 4422 993 4472 ll
1010 4420 1035 4472 in
1052 4419 1139 4472 Heinsii
1162 4425 1239 4484 partes

108 4513 203 4563 transiit.
223 4540 257 4549 —
