3196 5270
129 438 177 498 hie
198 456 270 498 usus
294 435 413 498 dicandi
433 438 568 498 homines
592 439 694 499 doctos
717 439 829 500 tamdiu
853 440 951 502 elusit.
997 440 1076 517 Quid
1096 442 1175 501 enim
1190 440 1271 502 aliud

130 545 275 605 hocloco
298 552 443 622 tenemus,
467 568 502 608 ac
523 547 596 609 illud
619 561 644 608 et
667 547 747 629 quod
769 550 950 627 epexegesin
966 547 1114 627 apponit?
1158 549 1268 608 Narra-

129 656 174 713 vit
195 654 341 729 Tacitus,
366 653 492 715 Othonis
516 656 650 714 oratione
680 662 711 714 et
739 655 828 715 modo
857 674 946 736 quem
974 657 1004 714 iu
1033 655 1195 715 severitate
1218 655 1270 716 ad·

128 763 278 824 hibuisset
299 763 414 823 animos
435 763 563 824 militum
585 762 753 844 paullulum
783 783 849 824 esse
881 762 920 823 ad
948 783 1090 842 praesens
1124 764 1270 842 composi-

128 879 185 931 tos.
230 869 341 950 Itaque
364 871 389 952 si
414 869 523 931 deinde
545 870 688 948 legimus:
719 875 849 948 etruriae
877 876 993 932 tamum
1024 884 1050 931 at
1075 874 1170 946 facies
1197 875 1269 950 hetti,

12 1033 13 1040 ,
124 981 194 1059 jure
217 981 406 1061 quaerimus,
429 978 502 1060 qnid
524 979 599 1040 baec
621 979 678 1040 sibi
701 979 796 1040 velint
817 978 910 1040 verba
932 1000 1023 1061 quum
1046 988 1135 1039 antea
1158 979 1269 1040 dictum

128 1090 186 1168 sit,
224 1089 341 1148 animos
374 1087 555 1178 compositos
587 1105 663 1146 csse.
719 1086 805 1146 Haec
839 1095 939 1146 autem
972 1087 1038 1167 ipsa
1071 1087 1126 1146 fuit
1163 1106 1271 1148 caussa

127 1197 285 1277 scriptori,
307 1215 359 1254 cur
379 1195 558 1254 sententiam
580 1197 712 1254 mititt'bae
732 1207 763 1256 ut
783 1199 854 1254 essa
868 1200 925 1254 cet.
947 1192 1087 1266 adderet,
1111 1200 1142 1252 et
1157 1212 1192 1252 eo
1207 1194 1269 1274 qui·

33 1355 39 1370 ,
128 1303 198 1363 dem
220 1301 311 1362 modo
333 1309 368 1362 ut
388 1300 435 1360 vis
457 1301 536 1361 illius
559 1304 726 1362 sententiaa
756 1303 857 1360 statim
888 1308 1091 1379 compareret,
1124 1301 1155 1361 id
1188 1300 1269 1381 quod

128 1404 234 1467 addito
267 1405 414 1466 vocabulo
436 1420 463 1467 et
486 1428 524 1468 ex
547 1427 603 1469 sua
634 1406 1104 1486 consuetudine·elegantissime
1131 1406 1267 1487 perfecit.

125 1514 207 1600 Nam
230 1512 279 1572 bic
301 1520 366 1572 erat
388 1522 484 1574 status
507 1515 599 1590 urbis,
622 1523 656 1576 ut
678 1515 778 1594 specie
800 1515 923 1596 quietis,
946 1534 1036 1594 quum
1059 1514 1090 1572 in
1112 1533 1268 1573 commune

127 1620 256 1706 quidem¹
273 1619 380 1680 milites
403 1640 463 1681 non
485 1621 628 1682 seditiose
650 1630 791 1704 agerent,
815 1630 915 1683 tamen
936 1621 1047 1702 ubique
1069 1620 1268 1680 cernebantur

127 1729 234 1788 armati
258 1734 289 1787 et
310 1727 441 1787 minaces
465 1729 516 1808 qui
537 1730 747 1807 persingulas
777 1729 882 1790 domos
911 1730 1137 1808 sparsiomnia
1166 1727 1266 1787 formi-

128 1835 197 1896 dine
220 1834 389 1915 implerent.

128 1975 131 1980 ·
212 1944 296 2004 Hist.
320 1941 346 2023 I,
371 1943 409 2002 7:
431 1945 496 2017 apra
517 1954 595 2004 aetas
617 1947 725 2004 Galbae
744 1947 846 2002 aeaut
867 1965 900 2002 aa
916 1946 1040 2018 fastidio
1061 1953 1122 2000 erat
1143 1945 1266 2000 adamate

120 2056 255 2126 jaceatne
276 2054 395 2111 Neraat'a
425 2061 458 2108 et
487 2053 667 2126 imperatorer
687 2058 787 2126 forma
816 2071 850 2108 aa
881 2056 978 2110 decora
1006 2051 1144 2125 carparis,
1172 2059 1202 2106 at
1227 2058 1267 2105 est

126 2180 182 2218 moe
203 2161 292 2233 eolpt,
314 2159 543 2233 conmarmtibaa
588 2157 803 2231 Enuntiatum,
827 2157 916 2240 Jqued
946 2177 1000 2237 per
1028 2166 1054 2215 et
1082 2139 1265 2233 adjungitur,

126 2263 260 2342 explicat
282 2260 336 2344 (da
357 2263 400 2321 sie
421 2259 582 2344 niimlicb);
606 2283 702 2344 neque
725 2284 815 2339 vero,
838 2273 871 2324 ut
892 2264 1014 2346 quidam
1037 2262 1209 2333 voluerunt,
1233 2264 1265 2320 in

127 2370 298 2430 universum
321 2367 431 2429 dictum
454 2378 500 2430 est
523 2403 563 2416 —
587 2371 616 2430 id
641 2371 866 2454 quodpropter
887 2375 953 2454 ipsa
978 2369 1071 2431 verba
1098 2381 1129 2428 at
1150 2380 1189 2428 eet
1207 2390 1265 2427 mos

125 2480 205 2552 salpi,
228 2477 340 2557 quippe
363 2495 439 2556 quae
461 2485 526 2537 tum
547 2480 744 2557 tautologiam
767 2480 962 2560 praeberent,
992 2497 1049 2538 nen
1073 2475 1193 2535 videtur
1216 2493 1263 2533 ac·

124 2583 347 2644 commodatura
370 2582 425 2643 sed
446 2584 642 2664 imperatores
664 2585 871 2663 intelliguntur
900 2587 958 2667 ipsi
987 2582 1087 2644 Galba
1114 2601 1149 2640 ac
1170 2583 1263 2642 Nero.

209 2689 291 2750 Hier.
315 2688 359 2762 II,
382 2691 418 2749 1:
447 2696 566 2752 materia
586 2698 752 2754 sarmarum
772 2697 878 2753 aeciam
899 2706 925 2754 et
947 2695 1051 2753 orbitae
1068 2693 1208 2766 principale
1231 2700 1263 2748 et

123 2799 337 2872 intemperantia
357 2801 484 2874 ciuitatis,
507 2805 592 2860 amer
612 2822 683 2860 aeae
712 2805 830 2876 elipatur
856 2806 954 2862 mattae
980 2799 1146 2858 deatiaaadi.
1198 2794 1261 2854 Ad·

126 2900 232 2980 scripsi
251 2901 358 2976 locum,
381 2905 450 2982 quia
471 2905 611 2967 facillime
632 2907 663 2967 in
686 2907 863 2987 explicando
880 2927 915 2968 eo
932 2905 1025 2966 errari
1037 2922 1127 2984 pesse
1142 2921 1261 2966 censeo.

126 3005 286 3084 Quaeritur
307 3011 386 3070 enim
398 3060 407 3093 ,
430 3031 589 3092 quemnam
611 3033 713 3074 casum
740 3013 891 3094 praeferat
918 3012 1054 3097 verbum:
1080 3016 1262 3088 intermerat-

123 3111 187 3174 tia?
232 3112 392 3177 contendo
422 3119 595 3182 ablativum.
647 3123 728 3182 Nam
750 3111 779 3180 'si
805 3121 1021 3181 nominativum
1054 3119 1214 3199 sumimus,
1244 3135 1270 3207 a

123 3223 270 3284 vocabule
286 3229 410 3285 materia
431 3227 471 3287 ad
493 3237 626 3290 nostrum
648 3229 773 3290 verbum
796 3226 995 3310 supplendum
1017 3234 1064 3288 est
1082 3247 1176 3301 cauea,
1190 3226 1261 3305 quia

124 3331 354 3411 intemperantia
375 3335 506 3394 civitatis
528 3340 673 3396 materiam
695 3335 880 3396 sermonibus
903 3335 1058 3415 praebere·
1071 3353 1130 3392 non
1145 3339 1261 3414 potest3
1287 3379 1289 3384 .

126 3459 200 3519 quae
232 3439 428 3521 brachylogia
458 3441 515 3501 hoc
548 3442 614 3502 leco
644 3442 763 3504 videtur
796 3443 963 3504 durissima.
1017 3441 1130 3502 Contra
1162 3441 1262 3500 omnia

127 3547 236 3624 optime
264 3547 487 3625 intelliguntur,
520 3549 545 3609 si
578 3548 741 3610 ablativum
771 3551 921 3612 causalem
949 3549 1129 3628 accipimus,
1159 3548 1207 3606 cui
1236 3557 1262 3605 et

124 3673 160 3714 ex
173 3673 269 3720 ,more
288 3656 385 3717 Taciti
408 3657 544 3717 additum
567 3664 627 3732 est,
650 3660 726 3718 sicut
751 3678 843 3741 snpra
872 3677 995 3739 prorsus
1021 3677 1124 3737 parem
1152 3662 1261 3716 tracta·

123 3763 219 3823 vimus
243 3762 341 3823 locum
364 3759 460 3848 (Anu.
485 3765 578 3840 XIII,
603 3762 715 3846 47)‚¹).

197 3903 224 3966 1)
245 3904 293 3954 sm
311 3904 381 3955 finem
399 3905 501 3969 ejusdem
528 3907 607 3972 ospitis
625 3907 649 3957 in
673 3906 754 3958 Haasci
782 3907 878 3958 editione
903 3907 1022 3972 leguntur:
1047 3902 1170 3970 offensam
1192 3899 1263 3952 baad

121 3995 224 4046 datiam
241 3997 342 4048 victorie
359 4006 384 4048 et
399 3998 498 4050 ineerta
516 4000 600 4052 adbuc
618 4002 741 4064 vietorta;
761 4009 788 4053 ut
805 4001 954 4052 eoncedente
972 4006 1028 4059 cet,
1045 3991 1071 4047 ut
1089 3995 1221 4046 vocabulum
1239 4001 1262 4044 et

122 4104 148 4139 ex
167 4091 273 4141 codicum
291 4091 436 4154 anctoritate,
455 4107 513 4157 quae
531 4093 622 4158 qnidam
645 4110 692 4144 non
718 4103 753 4144 est
777 4095 850 4156 aava
869 4095 912 4143 hoc
931 4093 980 4144 loca
999 4106 1070 4156 quum
1088 4091 1201 4142 llcdiceus
1217 4103 1261 4138 nos

120 4183 222 4246 dalleiat,
239 4183 377 4248 retinemur,
396 4185 477 4236 deinde
495 4188 593 4238 ineerta
611 4203 654 4252 pro
672 4189 813 4248 incertam,
832 4187 939 4239 uictoria
963 4201 1006 4251 pro
1031 4186 1155 4254 uictoris„
1174 4191 1202 4235 at
1219 4197 1261 4247 pro

121 4285 144 4327 et
159 4278 278 4328 scribatur.
324 4279 370 4328 Sed
387 4279 502 4342 quomodo
527 4281 661 4332 intellexerit
684 4282 717 4332 vir
740 4281 883 4332 doctissimus
907 4283 992 4332 verba:
1021 4289 1044 4330 et
1060 4281 1160 4330 incerta
1177 4276 1262 4328 adbuc

120 4371 240 4432 matoria,
269 4385 305 4420 rue
328 4371 400 4422 fateor
417 4374 512 4425 nescire.
548 4375 693 4427 probaverim
712 4375 815 4426 Rheneni
838 4377 894 4436 κάς
920 4375 1000 4425 delude
1019 4390 1088 4437 vero,
1110 4381 1187 4423 utrum
1205 4370 1262 4422 scri-

120 4463 219 4514 bendum
237 4463 267 4515 sit
283 4463 407 4518 incertam
424 4467 554 4521 eiulatum
574 4484 604 4518 au
621 4467 719 4520 ineerta
739 4469 845 4524 metaris
862 4470 896 4520 rix
909 4477 963 4534 puto
975 4475 1038 4520 certo
1054 4467 1170 4532 dijudicari
1185 4479 1262 4530 posse.
