3188 5252
666 289 728 354 127

126 463 212 545 quod
233 463 353 524 litoteta
373 441 518 526 adhibuit.
562 461 634 525 Piso
656 473 755 526 autem
773 466 837 544 jam
859 465 913 540 iis,
950 483 1027 546 quae
1048 484 1140 545 supra
1167 461 1205 526 de
1226 483 1262 525 sc

126 579 304 646 narrantur,
337 572 522 652 praeclaram
549 582 654 632 noctus
678 581 743 633 erat
764 572 891 648 famam,
931 591 1019 654 quam
1050 571 1106 632 hoc
1133 571 1263 632 liberalis

125 681 221 739 animi
243 679 421 740 documento
444 680 541 741 adhuc
563 680 771 762 amplificabat.
814 681 898 760 Ergo
914 700 974 740 uon
989 679 1185 741 dubitandum
1197 699 1263 741 esse

127 806 249 862 censeo,
271 787 410 848 Tacitum
433 789 601 872 scripsisse:
629 812 661 850 ec
681 811 738 866 quo
765 810 852 872 aeque
873 792 977 848 Caesar
996 793 1130 864 iepioriur
1151 801 1177 848 et
1197 793 1264 850 Piso
1365 811 1368 818 ’

127 901 237 972 mpori
256 901 339 968 tana
356 899 415 968 forr
434 927 478 941 -
499 893 580 959 Anu.
603 895 645 971 11,
669 899 719 958 51.
741 891 788 972 lv,
813 899 862 956 rs.
886 896 978 970 xm,
1003 897 1051 958 39.
1070 884 1154 968 xiv,
1178 896 1262 956 e.-

214 1007 274 1072 Nec
294 1036 335 1046 -
357 1015 396 1062 et:
420 1002 523 1065 Germ.
547 1007 581 1064 2:
604 1007 672 1080 puio
692 1025 741 1062 ceo
761 1016 837 1063 terro
858 1009 924 1064 olim
951 1010 1002 1064 aed
1023 1008 1157 1064 elaeodes
1179 1008 1261 1062 adce-

127 1113 270 1185 temeto,
307 1114 357 1186 pei
376 1123 483 1172 murore
502 1118 580 1171 series
602 1117 783 1188 quaerebant,
806 1125 831 1172 et
851 1117 995 1172 immersus
1015 1117 1093 1171 ultre
1114 1144 1154 1156 -
1177 1115 1263 1170 Ocea·

127 1239 180 1276 aaa
200 1222 276 1277 nois
298 1224 333 1276 ab
358 1225 422 1278 orbe
447 1229 540 1277 aestro
568 1221 684 1276 bovibus
715 1225 817 1279 oditur.
867 1220 948 1281 Hist.
972 1212 1020 1290 III,
1046 1222 1083 1276 1:
1115 1220 1184 1292 ipsis
1212 1237 1260 1276 aee

128 1347 270 1384 numerem
287 1349 387 1402 parem
407 1329 553 1402 pulsorem
574 1345 662 1400 cuper
683 1329 825 1400 lepiorsum,
843 1337 868 1384 et
890 1345 1057 1400 quamquem
1080 1329 1210 1384 atrociter
1224 1327 1262 1383 lo·

127 1445 282 1508 querentur,
303 1437 434 1492 minorem
444 1454 500 1492 ease
510 1437 590 1508 opud
601 1436 822 1494 vietorocimum.
845 1430 926 1494 Anu.
937 1431 974 1504 11,
988 1433 1038 1491 30.
1050 1430 1139 1504 XIII,
1153 1431 1203 1490 34.
1220 1463 1261 1473 -

215 1541 277 1602 Sed
300 1562 401 1602 amore
423 1542 512 1622 hujus
543 1543 733 1622 proprietatis
756 1541 874 1602 dicendi
905 1540 1046 1620 abreptus
1068 1539 1190 1598 Tacitus
1219 1539 1263 1597 iu·

127 1648 244 1710 terdum
266 1652 415 1731 posterius
436 1649 602 1710 membrum
623 1668 677 1730 per
706 1663 732 1710 et
757 1650 910 1730 adjungit,
948 1648 1065 1708 etiamsi
1092 1648 1263 1724 negativum

130 1759 174 1821 sit.
219 1757 297 1819 Anu.
321 1754 371 1836 III,
396 1761 452 1820 35:
474 1766 524 1819 red
545 1781 630 1836 cepae
651 1767 748 1820 eodem
769 1763 976 1820 adreverotiorse
997 1770 1022 1818 et
1041 1779 1172 1817 comeare
1193 1763 1262 1816 adu·

129 1871 245 1926 lucum
265 1872 354 1926 haut
369 1872 450 1941 jatur
470 1881 516 1944 eat,
541 1888 599 1948 quo
622 1869 688 1928 loco
712 1887 771 1928 uon
800 1866 877 1928 bene
899 1865 971 1926 fecit
991 1865 1148 1939 Halmius,
1181 1864 1261 1945 quod

127 1973 165 2034 dc
187 1973 318 2034 dictione
340 1987 365 2034 et
388 2009 429 2019 -
451 1981 519 2034 boot
541 1974 700 2035 dubitavit,
748 1974 823 2032 Aun.
845 1966 895 2046 III,
918 1974 972 2032 50:
1001 1983 1041 2032 eat
1060 1976 1135 2032 iores
1156 1984 1260 2043 seuten-

125 2085 181 2140 tiae
198 2103 253 2157 per
274 2104 358 2158 qaam
377 2103 463 2158 aeque
484 2086 547 2142 baio
568 2086 698 2141 delictum
718 2084 828 2158 impurae
857 2083 894 2138 eit
922 2092 947 2139 et
970 2102 1020 2140 uos
1048 2083 1205 2140 elementiae
1225 2085 1261 2140 si·

125 2194 182 2249 mei
202 2211 236 2248 oo
258 2193 411 2249 severitatis
432 2211 497 2248 roa
512 2193 660 2264 poeniteat.
704 2187 751 2248 Ac
774 2190 934 2262 sentimus,
967 2195 1118 2270 quantum
1133 2191 1261 2268 gravito-

125 2297 163 2356 tis
185 2296 223 2356 de
246 2297 394 2356 sententia
417 2296 610 2377 decerpatur,
642 2297 668 2356 si
690 2297 781 2358 stiam
803 2298 969 2378 posteriore
991 2297 1140 2359 membro:
1177 2319 1263 2376 eoque

124 2404 341 2494 substituimus.

209 2531 271 2590 Pro
292 2551 379 2606 oeque
400 2563 440 2574 -
464 2542 489 2590 et
510 2528 604 2588 semel
625 2529 776 2590 iuvenitur
797 2552 883 2606 copie
905 2563 946 2575 -
969 2549 1004 2587 oo
1027 2527 1100 2604 Agr.
1123 2530 1181 2589 10:
1211 2549 1260 2588 oo·

123 2649 218 2697 teram
240 2642 346 2697 Ooeooi
366 2651 450 2713 etque
473 2651 563 2697 oestuo
583 2659 669 2713 cepae
692 2658 823 2712 promere
837 2641 919 2710 bajus
940 2639 1032 2712 operis
1054 2656 1088 2696 oo
1108 2639 1189 2694 multi
1206 2647 1259 2694 ret·

123 2749 220 2820 tulere,
244 2764 333 2824 quem
353 2764 441 2805 usum
464 2747 648 2806 rarissimum
677 2745 823 2806 duxerim.
878 2742 1005 2803 Wexius
1036 2742 1111 2802 bene
1137 2742 1262 2802 contulit

131 2851 214 2915 Suet.
237 2847 327 2932 Vesp.
353 2855 410 2916 12:
432 2860 647 2916 mediocritatem
663 2857 814 2932 pristinam
829 2875 916 2928 aeque
928 2856 1113 2912 diumuiouit
1132 2874 1261 2928 coquom,

127 2981 161 3018 oo
180 2967 339 3036 frequenter
360 2965 443 3020 etiarn
462 2983 535 3038 prae
555 2984 584 3021 oe
605 2965 676 3020 tulit.
732 2961 821 3036 Quod
843 2979 914 3020 vero
937 2966 1024 3041 putat
1053 2961 1098 3019 vir
1128 2959 1261 3020 doctissi-

128 3085 200 3141 mus,
222 3067 357 3128 Suetonii
380 3067 445 3128 loco
469 3067 566 3126 minus
590 3064 755 3125 desiderari
776 3079 802 3126 et
823 3086 911 3145 quam
934 3075 1054 3142 nostro,
1084 3067 1157 3127 mihi
1178 3066 1263 3126 vide·

48 3195 55 3206 ·
125 3182 173 3235 tur
192 3176 299 3236 eedem
322 3194 388 3238 esse
410 3194 468 3252 res,
491 3195 559 3236 nam
581 3174 628 3236 hic
650 3183 681 3236 ct
702 3175 764 3236 illio
785 3176 949 3238 membrum
972 3175 1063 3257 quod,
1086 3177 1261 3256 insequitur,

124 3282 232 3343 fortius
256 3291 311 3343 est.

209 3408 328 3484 Deinde
350 3410 443 3470 semel
466 3419 565 3470 exstat
587 3432 673 3486 aeque
695 3431 807 3485 -pee,
828 3411 859 3469 iu
884 3410 1018 3470 oratioue
1041 3416 1149 3468 tamen.
1184 3405 1260 3472 Anu.

124 3508 173 3590 lII,
197 3515 255 3578 12:
280 3535 366 3590 oeque
387 3537 463 3576 reem
483 3521 616 3591 prohibeo
638 3520 781 3592 proraiam
802 3527 900 3574 macta
913 3521 1050 3591 proferat,
1073 3518 1258 3590 quiiminus·

124 3626 215 3696 ceratio
236 3626 295 3696 ejus
317 3626 457 3682 subleuari
479 3635 543 3698 aet,
575 3629 602 3682 ri
622 3646 679 3700 qua
694 3629 756 3699 ficit
783 3628 917 3699 iniquitas
939 3625 1112 3696 Germanioi,
1149 3625 1263 3696 comperi

118 3734 217 3805 poscit,
240 3751 340 3806 eosque
361 3753 419 3804 oro,
441 3751 475 3789 rae
496 3735 603 3804 objecta
624 3734 742 3792 crimino
760 3753 815 3808 pro
837 3734 1001 3806 adprobetis
1021 3725 1261 3810 compostel).-

59 3851 62 3856 ‘
123 3835 218 3898 Tum:
250 3859 335 3914 oeque
359 3872 401 3884 -—
422 3851 448 3899 et
470 3873 512 3884 -
535 3859 640 3916 raeque.-
677 3840 757 3898 Aun.
779 3837 800 3919 I,
824 3840 881 3898 23:
912 3859 947 3896 ce
976 3841 1008 3896 rei
1029 3857 1150 3912 propere
1176 3855 1262 3909 cepoe

195 4157 224 4226 1)
244 4177 290 4227 que
307 4185 340 4196 —
359 4163 438 4227 ireque
456 4175 511 4210 uum
530 4160 622 4210 omuino
641 4158 739 4222 dicatur,
757 4157 845 4220 ignoro.
881 4157 948 4208 Corte
966 4155 1027 4221 apud
1043 4155 1144 4206 Tacitum
1162 4171 1209 4204 nou
1229 4155 1261 4204 le-

122 4253 189 4316 gitur.
226 4255 307 4318 Neque
324 4268 378 4304 vero
396 4255 457 4318 quod
475 4255 628 4306 Wellauerus.
655 4252 726 4320 (Neue
750 4253 828 4304 Jahrb.
848 4254 864 4302 i.
884 4251 1006 4314 Philologie
1026 4267 1048 4302 u.
1066 4251 1161 4312 Pecdsg.
1180 4249 1261 4314 Suppi.

122 4348 164 4397 Bd.
182 4349 200 4410 Ι,
218 4362 269 4412 pag.
288 4345 354 4415 402)
379 4349 452 4399 attulit
470 4352 598 4416 exemplum
617 4349 681 4400 ovid.
701 4355 754 4398 met.
775 4346 818 4409 12,
839 4344 889 4396 122
917 4345 1039 4411 quicquam
1057 4346 1154 4409 probat,
1190 4359 1261 4410 quum

122 4440 154 4490 ihi
170 4442 238 4505 plane
256 4441 322 4492 aliter
340 4454 377 4490 res
395 4456 420 4490 so
439 4442 528 4494 hubert.
