3188 5252
858 257 919 318 166

320 431 439 501 amimae
460 432 762 504 qaiaqaooaimaemrc
796 429 857 488 53:
878 449 913 486 aa
934 439 1026 488 tomen
1046 449 1155 500 secam
1175 432 1296 488 militem
1310 431 1474 488 actaeae.

320 534 397 598 Cum
418 559 453 596 aa
473 537 651 598 creberrimo
672 539 873 616 conjungitur.
918 532 966 597 (ΙΙ.
988 537 1067 596 Hiet.
1091 533 1112 608 Ι,
1137 539 1185 597 16.
1206 538 1271 611 ΙΙΙ,
1298 541 1355 599 77.

411 663 470 724 Vix
493 683 569 743 opus
590 673 636 723 est
667 673 702 724 ut
731 665 864 725 dicamus
894 665 934 725 do
956 667 1046 738 iccio,
1084 663 1135 725 ubi
1165 675 1262 726 totam
1299 685 1392 724 auam
1418 667 1477 724 vim
1548 685 1549 752 Ι

325 771 468 840 ostendit,
491 791 589 851 neque
606 771 643 831 de
665 791 730 846 usu,
753 795 792 833 ex
807 793 867 853 quo
885 769 1048 832 vocabula:
1071 795 1248 847 mmmmm,
1274 778 1340 847 etei,
1365 777 1480 847 quidm
1548 775 1549 838 j

325 880 471 958 nequitur,
509 897 605 958 neque
627 879 665 938 de
688 881 806 939 rationo
835 901 855 938 a
877 879 1022 940 Cicerone
1044 899 1164 959 quoque
1186 878 1356 949 maman,
1397 875 1478 956 quod

327 988 474 1045 omittitur
503 986 649 1066 particula
682 989 855 1048 concessiva
886 999 919 1047 ut
948 987 1029 1047 Hist.
1050 988 1106 1057 ΙΙΙ,
1139 987 1197 1046 45:
1229 990 1330 1044 carita
1356 987 1481 1059 proelia

327 1115 446 1153 caeam
472 1107 564 1154 tonica
581 1100 708 1170 paterae
740 1101 865 1170 recinam
895 1097 961 1156 vel:
992 1097 1074 1154 Anu.
1097 1094 1180 1174 xll,
1203 1095 1263 1152 42:
1301 1099 1481 1163 transfor-tar

327 1205 448 1276 recimero
477 1208 626 1262 cohortium
654 1209 695 1263 od
722 1211 847 1265 Burnum
869 1211 1023 1277 Asi-auiam
1055 1207 1180 1278 corcaiae
1206 1205 1352 1260 militarie
1372 1207 1480 1272 samoe,

327 1331 447 1385 quoram
467 1325 558 1372 tamon
579 1319 657 1388 cajus
676 1327 773 1388 epotata
789 1322 995 1390 praeficeratur.
1039 1313 1121 1374 Satis
1143 1322 1190 1372 cet
1210 1329 1384 1387 cognosse,
1420 1327 1479 1368 om·

329 1419 401 1498 ru‘uo
424 1419 497 1479 talia
519 1422 598 1500 apud
622 1422 760 1482 Tacitum
781 1423 916 1483 inveniri.

418 1545 524 1606 Solerc
545 1567 612 1606 cum
637 1569 695 1608 una
717 1551 865 1628 particula
886 1563 977 1609 tamea
1007 1545 1165 1608 admodum
1190 1547 1390 1626 frequentius
1413 1563 1480 1602 cou-
1549 1584 1550 1610 ,

328 1655 416 1731 jungi
437 1676 523 1728 oeque
545 1653 593 1713 vel
614 1655 744 1732 acejum
768 1663 832 1734 capss
857 1655 991 1716 anteced.
1016 1657 1125 1715 monui.
1188 1653 1345 1714 Conferaa
1378 1649 1480 1711 Germ.
1549 1699 1550 1712 .

334 1765 363 1824 6.
386 1763 465 1824 Hist.
491 1763 530 1832 ΙΙ,
556 1767 606 1823 16.
630 1766 679 1824 60,
704 1768 753 1824 83.
777 1761 826 1840 ΙΙΙ,
851 1769 901 1826 72.
924 1768 1005 1825 Anu.
1028 1761 1049 1838 i,
1072 1768 1122 1824 13¹.
1145 1759 1181 1833 ΙΙ,
1205 1763 1256 1822 65.
1281 1765 1340 1823 66.
1365 1773 1428 1820 cet.

420 1887 510 1964 Quod
534 1891 644 1951 decad
665 1893 810 1953 vidimus:
833 1894 958 1970 intelligi
980 1912 1072 1970 saepo
1094 1900 1249 1950 coercente
1273 1891 1405 1948 demum
1418 1906 1479 1944 sen·

335 1997 438 2066 tentia,
475 1997 627 2076 quomodo
650 1999 824 2076 accipienda
846 1999 886 2057 sit
907 2000 1006 2076 prior,
1042 1997 1074 2056 id
1105 1995 1143 2056 de
1166 2009 1257 2055 tamea
1284 1995 1359 2074 pari
1394 1991 1479 2052 modo

224 2119 228 2128 ’
334 2101 425 2174 valet,
460 2111 550 2182 atquc
572 2105 713 2162 extricari
736 2103 825 2164 debet
846 2103 927 2164 haud
948 2125 1017 2162 raro
1046 2123 1151 2163 aeneus
1180 2103 1367 2180 interposito
1391 2118 1480 2158 enun-

336 2208 411 2267 tiato
434 2227 453 2266 a
477 2208 622 2286 particula
644 2232 812 2284 quamqaam
833 2211 980 2271 instituto.
1027 2207 1130 2268 Germ.
1143 2208 1201 2268 45:
1222 2211 1371 2266 saccinam
1392 2218 1480 2263 tamea

336 2323 465 2377 arbonen
486 2340 543 2377 eoae
563 2322 702 2392 iatcltiyoa
722 2327 790 2389 cet..
812 2317 842 2379 h.
864 2338 909 2380 e.:
942 2339 1124 2398 quamquam
1154 2317 1193 2377 de
1222 2325 1334 2375 natura
1369 2325 1401 2374 et
1428 2313 1480 2370 ori-

333 2421 407 2503 'giue
430 2426 541 2484 succini
576 2425 650 2486 nihil
679 2447 697 2484 a
719 2425 877 2486 Germania
905 2423 1077 2503 traditur¹).
1125 2421 1202 2485 Anu.
1223 2425 1249 2500 1,
1272 2427 1334 2484 42:
1371 2446 1423 2482 aaa
1453 2431 1480 2476 ut

340 2540 461 2593 modam
483 2541 598 2608 eoadem,
620 2538 662 2592 ita
680 2556 713 2592 ec
733 2539 791 2592 illia
810 2547 883 2594 ortoe
900 2539 927 2592 ai
947 2537 1106 2609 Hupoaioa
1126 2536 1261 2606 Syriaeue
1283 2537 1366 2590 mace
1389 2548 1480 2603 oeper-

341 2652 576 2714 caeterarumve
597 2646 697 2700 mirum
719 2653 744 2700 et
765 2646 909 2716 iodiqaam
933 2655 1000 2702 crat.
1044 2635 1106 2714 ΙΙΙΙ,
1130 2643 1187 2701 59:
1211 2643 1379 2714 Tarquitius
1392 2649 1480 2694 tameo

341 2753 421 2806 curia
442 2762 552 2809 coactae
574 2762 629 2823 ωε,
652 2745 668 2808 e
691 2751 839 2828 particula
860 2765 951 2810 tamon
972 2752 1070 2830 palam
1093 2751 1143 2821 fit,
1166 2758 1303 2808 senatum
1329 2743 1479 2806 Statilium
1550 2807 1551 2832 1

343 2851 476 2912 Taurum
498 2874 531 2912 re
554 2874 627 2913 vcra
650 2853 819 2914 damnasse.
864 2855 975 2914 Simiiis
999 2867 1045 2914 ast
1067 2853 1149 2914 iocus
1172 2873 1239 2931 cap.
1255 2855 1314 2912 69:
1339 2863 1479 2910 testamen·
1550 2909 1551 2916 ,

343 2971 400 3016 tam
421 2972 511 3018 tamea
532 2965 611 3019 hamt
631 2967 785 3023 recitatum.
825 2997 866 3008 -
911 2963 990 3039 Quin
1020 2971 1051 3021 et
1081 2961 1229 3021 sententia
1258 2979 1339 3038 quae
1367 2961 1480 3016 coercet
1550 2957 1551 3028 ζ

344 3065 433 3142 plane
455 3067 608 3140 reticetur,
645 3067 764 3146 aliaque
794 3088 873 3148 quae
903 3089 970 3128 cum
1004 3089 1040 3129 ea
1060 3069 1202 3130 interiore
1232 3087 1314 3127 nexu
1343 3065 1479 3126 cohaeret

345 3173 520 3234 attrahitur:
544 3179 623 3235 Anu.
646 3171 670 3246 Ι,
696 3179 754 3236 17:
777 3200 832 3236 aon
853 3183 1001 3238 obtrectari
1023 3199 1042 3235 α
1061 3199 1091 3236 aa
1111 3183 1234 3234 urbanae
1255 3179 1401 3245 excubiam
1424 3169 1479 3227 'sihi

346 3293 437 3340 tamea
459 3289 538 3356 opatd
559 3287 691 3342 horridae
710 3297 801 3357 qemea
823 3307 837 3342 o
858 3289 1040 3344 corrtaberaiia
1061 3290 1163 3344 hoetcm
1184 3287 1281 3358 aspici.

437 3428 488 3484 10.
523 3429 645 3484 Ceteram
674 3424 802 3506 denique
836 3427 957 3505 proprie
986 3424 1135 3502 siguificat
1165 3424 1259 3483 omitti
1288 3445 1374 3496 rem,
1408 3435 1479 3499 quae

348 3541 439 3592 antea
462 3527 692 3594 commemorata
714 3535 769 3610 eit,
792 3545 822 3594 et
844 3535 969 3594 alteram
1001 3554 1039 3592 ex
1062 3553 1116 3592 aua
1138 3544 1224 3612 parte
1256 3529 1439 3602 considerari
1449 3521 1480 3604 2Ι.

346 3637 535 3708 Vocabulum
558 3661 576 3699 a
598 3639 707 3700 Tacito
729 3639 818 3700 valde
847 3639 1036 3714 adamatum,
1069 3660 1128 3720 quo
1157 3642 1207 3719 qui
1236 3660 1308 3700 usus
1338 3641 1378 3698 ait
1406 3634 1481 3694 hisce

350 3745 512 3826 generibus
534 3747 760 3824 dignoscamus:
798 3748 826 3829 a)
849 3748 979 3808 traducit
1001 3750 1040 3809 acl
1062 3750 1123 3808 alia
1144 3757 1173 3808 et
1195 3767 1280 3806 nova.
1325 3744 1413 3822 Quod
1434 3756 1479 3814 ge·

351 3879 406 3918 nus
428 3878 610 3938 quamquam
633 3858 727 3918 multa
749 3878 952 3938 eorumquae
974 3861 1053 3918 exim
1077 3867 1286 3916 numeraturua
1307 3876 1384 3930 sum,
1407 3868 1479 3909 com·

353 3970 501 4049 plectitur,
524 3977 625 4028 tamen
649 3989 708 4028 nou
730 3970 819 4047 pauci
842 3975 912 4028 aunt
934 3969 1009 4043 loci,
1047 3968 1153 4048 quibus
1184 3986 1291 4026 revera
1321 3960 1480 4024 accuratius

430 4325 685 4392 l)ct.ttriuiu1nat
707 4329 730 4377 h.
749 4327 764 4373 Ι.
789 4351 814 4362 «-

431 4421 460 4489 2)
480 4423 543 4474 iiaud
565 4425 593 4485 11,
612 4422 653 4473 35.
679 4449 704 4458 -
