3196 5270
885 302 926 362 24

429 472 512 530 Haeo
540 471 693 532 haetenus.
727 507 768 518 —
811 473 884 534 Jam
911 486 944 534 ut
969 475 1068 536 emula
1096 473 1293 552 ,absolvamus
1325 474 1384 535 duo
1416 483 1478 536 tan·

343 587 404 639 tum
432 585 555 638 restant.

426 687 561 746 Primum
583 686 661 746 enirn
685 684 724 745 ad
741 686 950 766 explicandam
966 691 1120 752 notionem
1138 689 1282 751 arrodere
1297 696 1400 770 potest
1413 689 1480 749 talis

341 815 478 878 quoque,
501 814 578 876 quae
609 793 698 854 latius
731 802 816 874 patet
837 803 928 876 atque
949 799 1079 878 priorem
1108 796 1347 878 comprehendit.
1401 797 1480 858 Tum

342 913 442 964 autem
465 903 540 962 ratio
564 920 599 962 ea
623 908 685 974 eet,
709 908 742 960 ut
764 904 926 965 constituat
947 903 1041 966 altera
1060 907 1143 966 notio
1165 907 1297 985 priorem
1311 913 1343 966 et
1360 905 1481 980 indicet,

342 1027 483 1092 quorsum
507 1014 622 1092 spectat
643 1007 704 1082 illa,
727 1008 780 1068 sed
803 1029 859 1089 per
881 1029 915 1070 ea
934 1011 1002 1091 ipsa
1025 1013 1115 1073 etiam
1137 1011 1249 1094 aliquid
1271 1013 1346 1072 novi
1359 1013 1482 1092 insuper

342 1117 445 1178 addat.
490 1114 578 1193 Quod
608 1134 699 1196 quum
721 1135 774 1195 per
795 1136 828 1178 se
849 1118 957 1178 mum
978 1120 1117 1192 nonsit,
1141 1127 1240 1178 tamen
1262 1138 1325 1180 non
1347 1127 1481 1198 praeter·

278 1213 280 1216 ⁵
342 1225 521 1288 mittendum
541 1241 608 1285 esre
628 1220 772 1300 putabam
795 1221 832 1283 ob
855 1242 892 1283 ea
913 1243 991 1303 quae
1011 1225 1110 1305 eapite
1139 1226 1234 1287 altero
1256 1227 1289 1286 in
1312 1228 1413 1288 auimo
1436 1234 1484 1288 est

343 1351 503 1414 exponere.
546 1329 667 1392 Interea
689 1328 834 1389 suffitiant
856 1331 995 1412 exempla
1016 1331 1106 1394 haee:
1130 1332 1210 1395 Ann.
1228 1333 1306 1410 XII,
1322 1337 1382 1397 43:
1403 1339 1482 1394 aaut·

343 1447 392 1500 bae
406 1451 432 1500 at
446 1442 554 1499 oooibae
575 1441 634 1496 aito
653 1440 753 1512 papati
772 1441 895 1498 Romani
909 1444 1049 1515 parnaso
1065 1452 1118 1516 ost,·
1140 1440 1336 1520 intelligimus
1353 1461 1371 1503 e
1389 1441 1481 1502 verbo

342 1554 458 1624 ausibus,
478 1548 568 1608 etiam
590 1545 620 1604 in
641 1549 757 1604 aaoibm
778 1545 967 1622 cogitandum
991 1565 1057 1608 asse
1079 1547 1117 1608 de
1138 1548 1226 1609 rebus
1247 1547 1384 1610 adversis
1407 1568 1483 1629 quae

344 1650 733 1734 navigantibus-ammam,
768 1660 799 1712 at
827 1654 914 1713 simol
942 1653 1110 1714 indicantur
1149 1654 1209 1716 alia
1245 1674 1367 1736 quoque
1404 1654 1482 1714 mola

253 1783 256 1788 ·
343 1772 464 1843 praeter
487 1778 621 1840 eaquae
644 1760 836 1838 navigatione
857 1769 1027 1822 naseuntur.
1070 1761 1161 1835 XIII,
1184 1763 1240 1823 46:
1263 1767 1404 1839 Poppaea
1421 1765 1481 1840 pri

343 1891 486 1945 mamper
506 1871 696 1927 blandimento
715 1878 741 1927 at
762 1879 836 1927 artos
864 1872 1014 1943 salmom,-
1046 1867 1250 1929 blandimenta
1279 1871 1348 1951 ipsa
1378 1890 1418 1931 ex
1446 1870 1482 1928 iis

344 1976 456 2038 artibus
480 1983 583 2055 erant,
606 1993 682 2054 quae
705 1974 785 2034 Anu.
803 1975 889 2049 XIV,
909 1979 925 2036 1
949 1988 1023 2036 artas
1044 1981 1189 2037 Multam
1210 1983 1376 2053 vocantur3
1399 1975 1482 2054 eujus

345 2084 402 2144 looi
425 2082 519 2145 verba
540 2090 624 2141 suut:
655 2085 724 2139 toea
755 2093 838 2156 mora
863 2085 935 2141 tolia
963 2086 1086 2143 loortroto
1107 2096 1132 2143 ot
1153 2095 1214 2143 arte
1235 2086 1383 2142 adultam
1400 2101 1482 2158 pana·

344 2195 451 2252 traatio
471 2211 548 2250 aomo
564 2191 743 2265 prohibebat,-
764 2196 854 2268 atque
875 2187 978 2250 eadem
1001 2196 1046 2250 eet
1058 2209 1116 2250 -res
1158 2187 1247 2263 XVI,
1273 2189 1334 2248 19:
1357 2191 1428 2248 attuit
1448 2192 1483 2244 do

344 2301 551 2360 immortalitate
573 2300 682 2354 animae
703 2307 728 2354 et
749 2299 914 2370 sapientiam
929 2298 1052 2370 plostra.
1097 2293 1177 2354 Hist.
1199 2294 1252 2370 III,
1268 2295 1327 2354 31:
1349 2306 1381 2354 at
1398 2312 1482 2370 proo-

346 2409 405 2466 borr'
424 2427 476 2466 oro
496 2406 665 2464 coutumeliis
685 2413 712 2460 at
731 2405 824 2478 puato
845 2405 919 2461 aaut
932 2406 1047 2477 sauata
1060 2415 1159 2463 amoto
1172 2405 1239 2462 oioti
1246 2405 1480 2477 patiebantur.-

431 2511 567 2573 Alterum
590 2509 670 2590 quod
692 2509 1004 2583 commemoraverim,
1026 2529 1080 2590 pro
1104 2509 1168 2569 solo
1192 2508 1400 2570 additamento
1431 2507 1482 2566 ha·

345 2617 411 2678 beri
430 2615 520 2676 velim
543 2615 583 2675 ad
606 2634 642 2675 ea
664 2635 741 2697 quae
763 2615 917 2697 hueusque
939 2615 978 2676 (le
997 2615 1167 2696 explicandi
1197 2616 1244 2676 vel
1265 2611 1482 2696 comprobandi

345 2725 460 2782 ratione
483 2721 636 2802 disputata
656 2731 733 2786 sunt.
778 2725 858 2783 Num
882 2723 1048 2802 adjungere
1074 2729 1175 2804 potest
1200 2743 1255 2804 per
1277 2734 1303 2782 at
1324 2720 1482 2792 sententia,

346 2849 405 2910 qua
430 2828 556 2888 adicitur
589 2847 626 2887 ea
652 2849 729 2910 quae
757 2837 846 2890 antea
874 2831 992 2911 prolata
1023 2832 1084 2891 sint
1115 2850 1221 2892 revera
1241 2830 1283 2890 ita
1306 2849 1340 2890 se
1361 2829 1482 2900 habere,

346 2956 438 3017 quare
461 2935 625 2996 arridetur
647 2935 764 2995 valere:
788 2944 817 2993 et
838 2954 920 3011 sane,
943 2945 974 2997 et
994 2937 1138 3018 prolecto.
1182 2937 1260 2997 Anu.
1284 2934 1328 3010 ΙΙ,
1354 2937 1411 2996 12:
1434 2937 1482 2993 lua

346 3049 404 3103 bito
424 3048 513 3103 iudici
526 3049 615 3118 fid⁶⁸5
635 3054 661 3102 ot
682 3045 861 3102 amabantur
881 3046 964 3116 tyara.
1008 3040 1088 3104 Hist.
1111 3042 1164 3123 III,
1189 3046 1224 3103 6:
1254 3049 1431 3119 praediatoria
1453 3051 1481 3100 at

342 3155 444 3229 paucis
471 3154 622 3227 ritterseotio
655 3161 757 3209 eeteros
784 3147 892 3225 pauore
920 3155 960 3208 aa
986 3155 1149 3210 mutmodaru
1171 3156 1261 3225 fldem
1290 3163 1430 3224 aoooroat5
1458 3159 1483 3206 ot

340 3267 425 3336 ficare
446 3263 496 3334 qut
514 3280 543 3317 oo
564 3260 657 3317 atatim
678 3264 815 3319 declarat.
860 3258 934 3336 Agr.
959 3259 1018 3318 10:
1040 3269 1067 3316 at
1087 3270 1127 3317 out
1146 3279 1180 3318 aa
1196 3263 1290 3335 sarrae
1311 3263 1384 3318 aaa
1406 3261 1483 3318 Coto·

346 3372 476 3442 dootam,
500 3386 559 3446 qua
580 3365 729 3425 sententia
751 3363 961 3425 confirmantur
993 3383 1072 3448 quae
1095 3384 1111 3427 a
1133 3366 1221 3425 Livio
1250 3372 1281 3424 et
1302 3363 1400 3426 Fabio
1422 3364 1481 3424 Ru-

346 3477 420 3535 etieo
443 3473 554 3534 tradita
576 3492 642 3534 esse
664 3479 754 3533 antea
775 3471 905 3533 indicata
933 3479 1012 3531 sunt.

431 3598 523 3660 Haud
545 3619 612 3658 raro
634 3618 695 3659 uua
715 3599 768 3658 illa
790 3618 852 3657 vox
874 3598 911 3658 de
930 3617 990 3678 qua
1011 3597 1140 3658 maxime
1164 3597 1270 3673 agitur,
1286 3599 1480 3678 majoranum
1580 3579 1581 3616 l

345 3712 377 3772 vi
398 3712 429 3771 in
453 3709 606 3770 enuntiato
629 3707 708 3789 quod
740 3709 991 3768 asseverationem
1022 3705 1109 3766 affert
1141 3707 1304 3785 repetitur,
1335 3714 1369 3766 ut
1402 3705 1480 3766 Hiet.

345 3821 368 3894 l,
392 3818 448 3878 25:
470 3838 611 3894 manopera
642 3822 697 3876 duo
722 3820 913 3892 montirularao
940 3818 1086 3890 Imperium
1112 3818 1213 3889 populi
1242 3819 1365 3875 Romani
1393 3827 1482 3874 troas·

337 3931 498 4001 soreodran,
520 3937 546 3984 ot
567 3927 772 3983 transtulerunt.
816 3919 842 3995 Ι,
862 3923 916 3984 72:
939 3929 1018 3998 apud
1040 3925 1162 3983 Galbam
1184 3925 1241 3981 Titi
1267 3925 1342 3981 Viuit
1357 3922 1484 3997 potestte

345 4039 475 4104 desanaus
492 4035 644 4108 proaemio
664 4042 803 4090 sanatam
825 4035 860 4088 ab
882 4051 913 4090 oo
932 4033 1027 4105 filiurn
1058 4042 1083 4089 ot
1111 4033 1189 4087 laad
1215 4032 1297 4088 datie
1316 4035 1482 4087 seruauerat.

346 4139 435 4215 Quod
458 4157 530 4198 vero
553 4136 644 4197 valde
665 4139 806 4197 usitatum
830 4144 889 4196 est:
911 4137 1082 4196 inseruntur
1102 4134 1221 4196 mediae
1241 4134 1411 4192 sententiae
1431 4144 1483 4208 per

344 4246 543 4326 parenthesin
561 4243 653 4304 verba
682 4245 812 4326 aliquot,
848 4261 925 4325 qnae
954 4243 1130 4303 confirmant
1163 4239 1214 4302 vel
1246 4236 1376 4318 probant
1400 4235 1483 4319 'hano

348 4352 535 4412 sententiam.
581 4345 683 4410 Germ.
707 4351 768 4410 45:
791 4355 859 4412 alluo
879 4373 964 4428 aequo
985 4357 1023 4428 (ot
1041 4357 1126 4422 foma
1146 4350 1226 4420 aera)
1247 4357 1353 4404 tantam
1373 4354 1482 4402 autera.

345 4457 428 4526 Hier,
450 4457 506 4538 lv,
530 4460 589 4522 14:
611 4480 707 4520 aaran
728 4462 850 4538 imputa
870 4466 920 4524 aad
932 4466 1035 4542 formo
1055 4460 1196 4536 ooaopioat
1222 4461 1260 4538 (ot
1289 4465 1327 4518 ost
1344 4454 1484 4532 pariaque
