3196 5270
662 292 702 350 39

105 457 202 518 culam
225 455 257 516 id
280 455 445 516 membrum
470 455 551 534 quod
575 455 721 534 adjungat
744 456 841 531 magis
864 455 1022 527 extollere,
1054 455 1096 512 sie
1125 452 1188 513 fere
1217 458 1251 510 ut

104 584 158 623 nos
182 584 250 623 eum
274 564 371 622 tonosi
393 563 523 642 quadam
549 563 672 622 dicimus
696 571 789 636 und;
810 583 887 643 quae
918 564 999 622 notio
1022 568 1122 639 potest
1144 567 1251 618 exorta

104 692 170 732 esse
194 681 225 731 et
247 691 287 732 ex
309 671 525 748 compositione
548 671 720 731 vocularum
742 678 782 729 act
804 677 834 730 et
856 693 917 745 qao,
942 679 972 728 ct
995 689 1034 728 ex
1049 668 1145 726 altera
1161 684 1247 745 quam

103 781 221 838 vocavi.
267 780 380 838 Verum
402 786 437 838 ut
459 777 530 858 dixi,
554 781 635 856 prior·
657 780 753 856 magis
776 779 883 857 placat.
929 777 1053 836 Habere
1080 765 1180 834 autem
1204 793 1248 832 re·

106 905 177 946 vera
200 885 276 944 hane
298 885 538 962 conjunctionem
561 887 705 962 majorem
728 885 806 958 vim,
836 886 900 962 J'am
926 903 963 942 ox
986 883 1083 942 forma
1106 883 1173 961 ipsa
1197 879 1247 940 ob-

104 992 161 1049 iter
192 991 330 1068 inspecte
356 998 526 1066 comparet,
561 989 673 1068 quippe
705 1007 783 1067 quae
812 989 851 1046 sit
875 987 1023 1066 disyllaba
1053 1005 1150 1066 coque
1182 986 1249 1062 plns

105 1096 265 1171 gravitatis
288 1096 421 1172 arripiat.
466 1093 555 1169 Quod
577 1113 723 1171 cognosse
746 1095 880 1152 contenti
902 1113 1014 1151 sumus.

192 1200 273 1258 Nam
296 1197 335 1257 ad
355 1184 600 1274 investigandum
623 1199 807 1274 singulorum
831 1199 1008 1275 scriptorum
1031 1217 1130 1268 usum,
1155 1197 1249 1274 expli·

105 1305 239 1364 cationes
261 1303 331 1362 illae
354 1303 565 1362 subtilissimae
584 1298 606 1376 1)
635 1322 742 1381 parum
764 1304 934 1376 conferunt,
964 1303 1035 1382 quia
1058 1321 1096 1360 ex
1119 1303 1250 1360 maxima

106 1419 194 1491 parte
217 1430 287 1470 suas
311 1411 438 1490 quisque
469 1410 551 1484 leges
582 1409 733 1469 scribendi
765 1410 820 1469 hae
843 1411 874 1468 iu
897 1429 929 1469 re
953 1420 1072 1469 secutus
1095 1417 1148 1466 est.
1195 1405 1249 1465 At-

106 1539 166 1600 que
189 1537 230 1579 ex
251 1518 355 1577 herum
380 1516 610 1592 diligentissime
631 1517 886 1593 pervestigatione
916 1513 1113 1573 hauriendum
1137 1521 1184 1570 est
1201 1512 1250 1588 ju-

106 1623 217 1683 dicium
241 1622 327 1681 unice
350 1629 473 1682 rectum.
518 1623 658 1700 Namque
680 1622 814 1700 profecto
838 1642 896 1681 non
920 1623 963 1680 sie
985 1620 1117 1678 nascitur
1138 1618 1249 1694 lingua,

107 1736 141 1788 ut
163 1747 239 1808 quas
258 1746 334 1786 unus
357 1727 408 1786 vel
428 1729 517 1805 pauci
540 1727 623 1804 leges
647 1747 685 1785 ex
708 1735 796 1786 acuta
828 1717 983 1802 cogitandi
1005 1726 1122 1784 ratione
1146 1725 1250 1782 ductas

107 1844 198 1894 autea
222 1835 476 1910 excogitaverint,
509 1833 621 1892 deinde
645 1831 804 1890 multitudo
828 1839 985 1909 sequatur,
1023 1831 1077 1890 sed
1113 1831 1252 1909 provenit

107 1941 184 1999 sieut
207 1939 306 2012 arbos,
329 1938 377 1997 hic
399 1940 479 1998 laete
501 1959 536 1997 ac
559 1938 676 1997 fortiter
699 1935 867 1996 diffundens
889 1955 988 1995 ramos
1010 1936 1116 1996 fronde
1138 1936 1249 1996 densis·

107 2047 217 2116 simos,
242 2044 301 2102 illic
327 2042 450 2103 surculis
481 2053 624 2104 contenta
654 2045 741 2102 lentis
774 2063 808 2102 ac
842 2063 932 2122 paroc
964 2043 1145 2116 virentibus,
1180 2043 1252 2121 quin

107 2152 197 2210 etiarn
222 2149 338 2227 aliquot
358 2149 431 2208 locis
453 2168 492 2208 ne
515 2149 589 2208 folia
618 2149 739 2227 quidem
771 2149 942 2210 ostendens.
997 2147 1098 2223 Quare
1130 2163 1177 2204 res
1207 2152 1253 2204 est

108 2252 198 2312 valde
222 2251 313 2311 dubia
336 2253 360 2310 si
383 2254 449 2332 quis
472 2252 558 2326 dicit,
582 2252 659 2312 hene
681 2254 730 2312 vel
752 2252 833 2312 illam
856 2255 1006 2312 notionem
1030 2252 1060 2310 'ru
1084 2249 1139 2310 hoc
1161 2249 1252 2308 illovc

107 2357 255 2418 vocabulo
279 2359 379 2416 inesse
404 2357 531 2436 debere,
555 2359 626 2437 quia
648 2361 724 2418 ratio
748 2359 901 2436 cogitandi
924 2358 955 2417 id
976 2354 1117 2436 postulet.
1172 2357 1251 2414 Nam

107 2470 140 2519 ut
161 2461 191 2518 iu
215 2470 280 2518 tota
302 2481 402 2520 rernm
424 2473 546 2536 natura,
579 2465 622 2522 ita
645 2465 733 2522 etiem
757 2467 787 2522 in
810 2465 977 2542 linguarum
1002 2471 1109 2522 exortu
1133 2470 1162 2522 et
1185 2481 1251 2520 cou-

107 2568 290 2626 tormatione
320 2569 423 2628 valent
451 2572 535 2646 leges
568 2571 605 2630 ab
638 2571 826 2642 hominibus,
859 2571 981 2648 opinor,
1012 2590 1071 2628 non
1105 2588 1142 2627 ex
1173 2568 1251 2626 omni

107 2682 194 2750 parte
215 2681 403 2750 perspectae.
428 2711 469 2720 -

194 2795 360 2856 Hominum
384 2796 556 2870 doctorum,
580 2801 632 2877 qui
657 2798 695 2858 de
719 2799 888 2858 discrimine
917 2798 1081 2858 formarum
1111 2812 1193 2873 atque
1223 2808 1253 2857 et

107 2923 141 2958 ae
169 2900 418 2979 disputaverunt,
453 2921 609 2960 numerum
648 2904 712 2962 fere
749 2905 938 2962 innumerum
975 2906 1143 2984 conspicias
1175 2904 1255 2983 apud

107 3005 261 3066 Handium
283 3006 323 3081 (Ι,
346 3007 410 3066 454
431 3006 538 3085 seqq.).
589 3007 694 3080 Nune,
716 3019 808 3086 puto,
830 3011 935 3088 utique
957 3019 1095 3084 constat,
1125 3011 1253 3069 formam

108 3135 143 3172 aa
165 3133 226 3172 non
249 3115 321 3192 poni
343 3123 413 3173 ante
433 3114 554 3172 vocales
576 3121 606 3171 et
628 3113 758 3173 litteram
780 3121 804 3173 t.
865 3115 954 3176 Certe
977 3117 1057 3198 apud
1081 3091 1154 3177 Tac.
1178 3117 1252 3177 haee

106 3221 214 3296 regula
236 3221 327 3281 valet.
371 3219 462 3280 Addo
486 3221 565 3280 hunc
581 3210 765 3299 'scriptorem
786 3223 925 3282 voculam
947 3237 1029 3300 atquo
1056 3233 1177 3304 praeter
1200 3245 1252 3286 eos

105 3327 188 3387 locos
210 3327 263 3386 ubi
283 3327 451 3386 necessaria
473 3333 519 3384 est
541 3344 610 3384 raro
631 3343 795 3404 usurper03
827 3325 916 3386 eredo
941 3331 1011 3408 quia
1039 3354 1081 3389 ool
1098 3330 1252 3392 fortiorem

105 3434 333 3511 acutioremque
356 3451 461 3492 sonam
485 3430 628 3510 praebet3
652 3409 734 3506 atqac
755 3440 825 3491 ante
849 3434 995 3494 voeabula
1016 3435 1054 3494 ab
1077 3439 1252 3496 consonanti

180 3791 206 3858 1)
225 3791 319 3848 Qualem
338 3789 435 3839 instituit
452 3790 554 3842 llaudius
573 3793 590 3851 1,
602 3806 653 3855 pag.
665 3792 726 3854 tos,
745 3806 815 3856 quum
834 3792 893 3842 dicat
913 3792 1005 3842 Latinos
1023 3793 1154 3844 interiorem
1167 3771 1250 3844 uerum

105 3885 216 3948 perticult
240 3891 315 3950 atque
340 3883 467 3950 designare.
510 3883 622 3933 Nimirum
646 3885 754 3947 quonism
773 3885 802 3934 de
820 3884 893 3934 trihus
911 3892 999 3936 tantum
1016 3886 1142 3936 rationibus
1161 3887 1251 3948 eogitari

104 3983 204 4039 potest‚‘
215 3988 313 4037 querum
333 3973 375 4022 elia
393 3983 530 4037 externum,
549 3976 592 4026 alie
610 3977 755 4038 interiorem,
775 3978 818 4028 alia
838 3977 924 4027 nullum
942 3975 1078 4039 peculiarem
1095 3990 1179 4025 uerum
1190 3976 1250 4026 indi-

104 4072 196 4125 cat-‚
216 4062 326 4126 particula
344 4070 419 4112 eutem
437 4081 484 4130 que
503 4072 621 4116 externum
639 4081 724 4116 nexum
743 4075 766 4116 et
789 4067 812 4116 in
836 4067 968 4116 universnm
993 4073 1083 4116 tautum
1108 4067 1249 4127 conjunctio-

104 4169 157 4202 nem
175 4153 305 4216 siguificare
323 4151 424 4214 videtur,
453 4153 508 4202 nihil
527 4162 610 4215 restat,
638 4170 707 4218 quem
733 4163 758 4206 ut
776 4164 849 4221 atque
874 4155 903 4204 sd
925 4154 1056 4207 interiorem
1081 4155 1249 4220 exprimendum

103 4257 188 4292 rerum
206 4241 316 4290 trahatur.
355 4241 417 4298 Quae
437 4244 539 4306 quemvis
557 4245 684 4294 rectissime
702 4245 804 4310 expedita
823 4245 881 4306 sint,
908 4253 983 4296 tamen
1006 4261 1032 4296 er
1055 4259 1097 4298 usu
1117 4247 1248 4297 Latinorum

103 4332 181 4381 neseio
199 4347 229 4380 an
247 4344 294 4378 nou
312 4329 405 4393 probari
422 4330 520 4380 dilucide
537 4333 634 4396 possint.

177 4421 208 4489 2)
226 4421 252 4471 Si
270 4421 323 4485 quis
338 4423 403 4472 locos
422 4425 549 4475 accurratius
567 4426 681 4490 inspicere
699 4426 777 4490 cupit,
804 4427 827 4475 hi
845 4428 893 4475 lere
913 4434 980 4478 suut:
999 4428 1052 4490 Agr.
1076 4427 1107 4477 lli
1135 4424 1196 4496 (Agr.
1218 4427 1249 4477 18
