<?xml version="1.0" encoding="UTF-8"?>
<!DOCTYPE html PUBLIC "-//W3C//DTD XHTML 1.0 Transitional//EN"
    "http://www.w3.org/TR/xhtml1/DTD/xhtml1-transitional.dtd">
<html xmlns="http://www.w3.org/1999/xhtml" xml:lang="en" lang="en">
 <head>
  <title>
</title>
<meta http-equiv="Content-Type" content="text/html;charset=utf-8" />
  <meta name='ocr-system' content='tesseract 3.04.00' />
  <meta name='ocr-capabilities' content='ocr_page ocr_carea ocr_par ocr_line ocrx_word'/>
</head>
<body>
  <div class='ocr_page' id='page_1' title='image "./detacitiincompo00spitgoog_0157.png"; bbox 0 0 3188 5252; ppageno 0'>
   <div class='ocr_carea' id='block_1_1' title="bbox 897 189 1069 300">
    <p class='ocr_par' dir='ltr' id='par_1_1' title="bbox 897 189 1069 300">
     <span class='ocr_line' id='line_1_1' title="bbox 897 189 1069 300; baseline 0.012 -2"><span class='ocrx_word' id='word_1_1' title='bbox 897 240 956 300; x_wconf 81' lang='lat' dir='ltr'>tte</span> <span class='ocrx_word' id='word_1_2' title='bbox 1066 189 1069 200; x_wconf 36' lang='grc' dir='ltr'>Ι</span> 
     </span>
    </p>
   </div>
   <div class='ocr_carea' id='block_1_2' title="bbox 342 411 1495 613">
    <p class='ocr_par' dir='ltr' id='par_1_2' title="bbox 342 411 1495 613">
     <span class='ocr_line' id='line_1_2' title="bbox 342 411 1491 487; baseline -0.002 -13"><span class='ocrx_word' id='word_1_3' title='bbox 342 414 422 474; x_wconf 86' lang='lat' dir='ltr'>Anu.</span> <span class='ocrx_word' id='word_1_4' title='bbox 445 413 518 487; x_wconf 86' lang='lat' dir='ltr'>XII,</span> <span class='ocrx_word' id='word_1_5' title='bbox 542 417 574 474; x_wconf 67' lang='grc' dir='ltr'>ὃς</span> <span class='ocrx_word' id='word_1_6' title='bbox 598 425 627 470; x_wconf 83' lang='lat' dir='ltr'>ct</span> <span class='ocrx_word' id='word_1_7' title='bbox 649 417 720 470; x_wconf 87' lang='lat' dir='ltr'>enim</span> <span class='ocrx_word' id='word_1_8' title='bbox 740 433 813 470; x_wconf 84' lang='lat' dir='ltr'>novo</span> <span class='ocrx_word' id='word_1_9' title='bbox 834 415 911 470; x_wconf 85' lang='lat' dir='ltr'>uobis</span> <span class='ocrx_word' id='word_1_10' title='bbox 939 415 1113 482; x_wconf 76' lang='lat' dir='ltr'>introirem</span> <span class='ocrx_word' id='word_1_11' title='bbox 1141 415 1216 474; x_wconf 76' lang='lat' dir='ltr'>iilius</span> <span class='ocrx_word' id='word_1_12' title='bbox 1237 415 1375 486; x_wconf 78' lang='lat' dir='ltr'>coujupiu.</span> <span class='ocrx_word' id='word_1_13' title='bbox 1423 411 1491 472; x_wconf 80' lang='lat' dir='ltr'>Sed</span> 
     </span>
     <span class='ocr_line' id='line_1_3' title="bbox 345 512 1495 613; baseline -0.003 -33"><span class='ocrx_word' id='word_1_14' title='bbox 345 521 483 580; x_wconf 88' lang='lat' dir='ltr'>omnibus</span> <span class='ocrx_word' id='word_1_15' title='bbox 505 519 567 600; x_wconf 84' lang='lat' dir='ltr'>his,</span> <span class='ocrx_word' id='word_1_16' title='bbox 600 529 633 578; x_wconf 87' lang='lat' dir='ltr'>ut</span> <span class='ocrx_word' id='word_1_17' title='bbox 662 518 853 596; x_wconf 77' lang='lat' dir='ltr'>intelligitur,</span> <span class='ocrx_word' id='word_1_18' title='bbox 893 518 1037 613; x_wconf 81' lang='lat' dir='ltr'>historiae</span> <span class='ocrx_word' id='word_1_19' title='bbox 1066 528 1096 577; x_wconf 89' lang='lat' dir='ltr'>et</span> <span class='ocrx_word' id='word_1_20' title='bbox 1119 520 1232 597; x_wconf 83' lang='lat' dir='ltr'>scripte</span> <span class='ocrx_word' id='word_1_21' title='bbox 1254 519 1369 578; x_wconf 83' lang='lat' dir='ltr'>minore</span> <span class='ocrx_word' id='word_1_22' title='bbox 1392 512 1495 580; x_wconf 78' lang='lat' dir='ltr'>securi</span> 
     </span>
    </p>
   </div>
   <div class='ocr_carea' id='block_1_3' title="bbox 234 625 1375 706">
    <p class='ocr_par' dir='ltr' id='par_1_3' title="bbox 234 625 1375 706">
     <span class='ocr_line' id='line_1_4' title="bbox 234 625 1375 706; baseline -0.001 -19"><span class='ocrx_word' id='word_1_23' title='bbox 234 661 236 672; x_wconf 80' lang='lat'><em>=</em></span> <span class='ocrx_word' id='word_1_24' title='bbox 346 639 423 692; x_wconf 86' lang='lat' dir='ltr'>snut.</span> <span class='ocrx_word' id='word_1_25' title='bbox 447 661 486 674; x_wconf 90' lang='lat'><em>-</em></span> <span class='ocrx_word' id='word_1_26' title='bbox 513 627 655 706; x_wconf 90' lang='lat' dir='ltr'>Denique</span> <span class='ocrx_word' id='word_1_27' title='bbox 678 625 771 688; x_wconf 85' lang='lat' dir='ltr'>semel</span> <span class='ocrx_word' id='word_1_28' title='bbox 792 625 886 686; x_wconf 85' lang='lat' dir='ltr'>hebes</span> <span class='ocrx_word' id='word_1_29' title='bbox 909 637 939 684; x_wconf 88' lang='lat' dir='ltr'>at</span> <span class='ocrx_word' id='word_1_30' title='bbox 960 637 1057 684; x_wconf 76' lang='lat' dir='ltr'>eorum</span> <span class='ocrx_word' id='word_1_31' title='bbox 1080 626 1160 686; x_wconf 84' lang='lat' dir='ltr'>Anu.</span> <span class='ocrx_word' id='word_1_32' title='bbox 1183 626 1238 697; x_wconf 95' lang='lat' dir='ltr'>lV,</span> <span class='ocrx_word' id='word_1_33' title='bbox 1263 628 1312 688; x_wconf 84' lang='lat'>28.</span> <span class='ocrx_word' id='word_1_34' title='bbox 1336 659 1375 670; x_wconf 92' lang='lat'>—</span> 
     </span>
    </p>
   </div>
   <div class='ocr_carea' id='block_1_4' title="bbox 346 732 1495 1025">
    <p class='ocr_par' dir='ltr' id='par_1_4' title="bbox 346 732 1495 1025">
     <span class='ocr_line' id='line_1_5' title="bbox 432 732 1493 814; baseline -0.002 -20"><span class='ocrx_word' id='word_1_35' title='bbox 432 735 512 794; x_wconf 86' lang='lat' dir='ltr'>Loco</span> <span class='ocrx_word' id='word_1_36' title='bbox 535 734 586 814; x_wconf 91' lang='lat' dir='ltr'>qui</span> <span class='ocrx_word' id='word_1_37' title='bbox 610 743 656 792; x_wconf 89' lang='lat' dir='ltr'>est</span> <span class='ocrx_word' id='word_1_38' title='bbox 679 732 759 792; x_wconf 86' lang='lat' dir='ltr'>Anu.</span> <span class='ocrx_word' id='word_1_39' title='bbox 780 732 856 807; x_wconf 91' lang='lat' dir='ltr'>XII,</span> <span class='ocrx_word' id='word_1_40' title='bbox 881 735 936 792; x_wconf 82' lang='lat'>17:</span> <span class='ocrx_word' id='word_1_41' title='bbox 966 744 1078 806; x_wconf 84' lang='lat' dir='ltr'>postero</span> <span class='ocrx_word' id='word_1_42' title='bbox 1098 737 1196 792; x_wconf 82' lang='lat' dir='ltr'>misere</span> <span class='ocrx_word' id='word_1_43' title='bbox 1225 738 1344 807; x_wconf 74' lang='lat' dir='ltr'>lapelee,</span> <span class='ocrx_word' id='word_1_44' title='bbox 1378 737 1493 792; x_wconf 81' lang='lat' dir='ltr'>ueniam</span> 
     </span>
     <span class='ocr_line' id='line_1_6' title="bbox 346 844 1494 917; baseline -0.003 -15"><span class='ocrx_word' id='word_1_45' title='bbox 346 848 440 902; x_wconf 79' lang='lat' dir='ltr'>liberie</span> <span class='ocrx_word' id='word_1_46' title='bbox 461 845 621 917; x_wconf 79' lang='lat' dir='ltr'>emper-iim</span> <span class='ocrx_word' id='word_1_47' title='bbox 643 853 768 900; x_wconf 82' lang='lat' dir='ltr'>orantes:</span> <span class='ocrx_word' id='word_1_48' title='bbox 790 844 898 898; x_wconf 74' lang='lat' dir='ltr'>seruitii</span> <span class='ocrx_word' id='word_1_49' title='bbox 917 847 1010 898; x_wconf 85' lang='lat' dir='ltr'>decem</span> <span class='ocrx_word' id='word_1_50' title='bbox 1028 845 1108 900; x_wconf 84' lang='lat' dir='ltr'>milio</span> <span class='ocrx_word' id='word_1_51' title='bbox 1129 846 1285 915; x_wconf 80' lang='lat' dir='ltr'>offerebant.</span> <span class='ocrx_word' id='word_1_52' title='bbox 1307 847 1383 916; x_wconf 77' lang='lat' dir='ltr'>quod</span> <span class='ocrx_word' id='word_1_53' title='bbox 1393 862 1494 916; x_wconf 78' lang='lat' dir='ltr'>oeper-</span> 
     </span>
     <span class='ocr_line' id='line_1_7' title="bbox 348 953 1495 1025; baseline -0.003 -15"><span class='ocrx_word' id='word_1_54' title='bbox 348 957 411 1010; x_wconf 82' lang='lat' dir='ltr'>nale&#39;</span> <span class='ocrx_word' id='word_1_55' title='bbox 429 964 492 1010; x_wconf 79' lang='lat' dir='ltr'>euru</span> <span class='ocrx_word' id='word_1_56' title='bbox 513 955 636 1024; x_wconf 83' lang='lat' dir='ltr'>uictores,</span> <span class='ocrx_word' id='word_1_57' title='bbox 659 954 727 1024; x_wconf 81' lang='lat' dir='ltr'>quio</span> <span class='ocrx_word' id='word_1_58' title='bbox 737 953 879 1008; x_wconf 78' lang='lat' dir='ltr'>trucidare</span> <span class='ocrx_word' id='word_1_59' title='bbox 901 954 1010 1009; x_wconf 78' lang='lat' dir='ltr'>deditos</span> <span class='ocrx_word' id='word_1_60' title='bbox 1023 971 1142 1025; x_wconf 84' lang='lat' dir='ltr'>eaerum,</span> <span class='ocrx_word' id='word_1_61' title='bbox 1162 962 1270 1010; x_wconf 85' lang='lat' dir='ltr'>lautum</span> <span class='ocrx_word' id='word_1_62' title='bbox 1286 954 1495 1010; x_wconf 72' lang='lat' dir='ltr'>multitudinem</span> 
     </span>
    </p>
   </div>
   <div class='ocr_carea' id='block_1_5' title="bbox 279 1055 1593 3173">
    <p class='ocr_par' dir='ltr' id='par_1_5' title="bbox 279 1055 1593 3173">
     <span class='ocr_line' id='line_1_8' title="bbox 347 1055 1494 1135; baseline -0.002 -17"><span class='ocrx_word' id='word_1_63' title='bbox 347 1065 475 1119; x_wconf 75' lang='lat' dir='ltr'>custodie</span> <span class='ocrx_word' id='word_1_64' title='bbox 495 1064 603 1133; x_wconf 79' lang='lat' dir='ltr'>clepere</span> <span class='ocrx_word' id='word_1_65' title='bbox 625 1064 755 1135; x_wconf 84' lang='lat' dir='ltr'>arduum,</span> <span class='ocrx_word' id='word_1_66' title='bbox 778 1069 815 1116; x_wconf 88' lang='lat' dir='ltr'>ut</span> <span class='ocrx_word' id='word_1_67' title='bbox 836 1061 903 1116; x_wconf 80' lang='lat' dir='ltr'>beili</span> <span class='ocrx_word' id='word_1_68' title='bbox 921 1061 1014 1130; x_wconf 79' lang='lat' dir='ltr'>potius</span> <span class='ocrx_word' id='word_1_69' title='bbox 1035 1062 1246 1132; x_wconf 75' lang='lat' dir='ltr'>iurecuderent,</span> <span class='ocrx_word' id='word_1_70' title='bbox 1264 1059 1334 1135; x_wconf 89' lang='lat' dir='ltr'>jure</span> <span class='ocrx_word' id='word_1_71' title='bbox 1356 1055 1494 1116; x_wconf 84' lang='lat' dir='ltr'>effende-</span> 
     </span>
     <span class='ocr_line' id='line_1_9' title="bbox 347 1159 1494 1252; baseline -0.003 -28"><span class='ocrx_word' id='word_1_72' title='bbox 347 1173 418 1224; x_wconf 88' lang='lat' dir='ltr'>ruut</span> <span class='ocrx_word' id='word_1_73' title='bbox 441 1165 575 1224; x_wconf 83' lang='lat' dir='ltr'>homines</span> <span class='ocrx_word' id='word_1_74' title='bbox 607 1162 687 1222; x_wconf 89' lang='lat' dir='ltr'>docti</span> <span class='ocrx_word' id='word_1_75' title='bbox 718 1162 748 1220; x_wconf 93' lang='lat' dir='ltr'>in</span> <span class='ocrx_word' id='word_1_76' title='bbox 771 1159 916 1252; x_wconf 70' lang='lat' dir='ltr'>roeebulo</span> <span class='ocrx_word' id='word_1_77' title='bbox 938 1173 977 1220; x_wconf 85' lang='lat' dir='ltr'>ut.</span> <span class='ocrx_word' id='word_1_78' title='bbox 1029 1161 1108 1221; x_wconf 87' lang='lat' dir='ltr'>Nem</span> <span class='ocrx_word' id='word_1_79' title='bbox 1137 1162 1219 1222; x_wconf 87' lang='lat' dir='ltr'>haud</span> <span class='ocrx_word' id='word_1_80' title='bbox 1248 1161 1339 1224; x_wconf 85' lang='lat' dir='ltr'>dubie</span> <span class='ocrx_word' id='word_1_81' title='bbox 1364 1162 1494 1222; x_wconf 88' lang='lat' dir='ltr'>nimium</span> 
     </span>
     <span class='ocr_line' id='line_1_10' title="bbox 350 1268 1495 1350; baseline -0.003 -18"><span class='ocrx_word' id='word_1_82' title='bbox 350 1272 403 1333; x_wconf 86' lang='lat' dir='ltr'>det</span> <span class='ocrx_word' id='word_1_83' title='bbox 425 1273 563 1331; x_wconf 85' lang='lat' dir='ltr'>Baiterus</span> <span class='ocrx_word' id='word_1_84' title='bbox 588 1270 725 1330; x_wconf 72' lang='lat' dir='ltr'>brevitati</span> <span class='ocrx_word' id='word_1_85' title='bbox 748 1269 907 1330; x_wconf 78' lang='lat' dir='ltr'>Tacitinae</span> <span class='ocrx_word' id='word_1_86' title='bbox 936 1268 1083 1328; x_wconf 80' lang='lat' dir='ltr'>adversus</span> <span class='ocrx_word' id='word_1_87' title='bbox 1112 1270 1357 1350; x_wconf 80' lang='lat' dir='ltr'>perspicuitatem</span> <span class='ocrx_word' id='word_1_88' title='bbox 1380 1271 1495 1329; x_wconf 84' lang='lat' dir='ltr'>oratio-</span> 
     </span>
     <span class='ocr_line' id='line_1_11' title="bbox 350 1376 1497 1458; baseline -0.003 -18"><span class='ocrx_word' id='word_1_89' title='bbox 350 1384 405 1454; x_wconf 87' lang='lat' dir='ltr'>nis,</span> <span class='ocrx_word' id='word_1_90' title='bbox 428 1382 454 1438; x_wconf 87' lang='lat' dir='ltr'>si</span> <span class='ocrx_word' id='word_1_91' title='bbox 477 1400 515 1440; x_wconf 86' lang='lat' dir='ltr'>ex</span> <span class='ocrx_word' id='word_1_92' title='bbox 539 1383 684 1454; x_wconf 80' lang='lat' dir='ltr'>aspernati</span> <span class='ocrx_word' id='word_1_93' title='bbox 704 1390 767 1436; x_wconf 80' lang='lat' dir='ltr'>mne</span> <span class='ocrx_word' id='word_1_94' title='bbox 788 1377 827 1436; x_wconf 85' lang='lat' dir='ltr'>ed</span> <span class='ocrx_word' id='word_1_95' title='bbox 851 1376 1029 1437; x_wconf 81' lang='lat' dir='ltr'>vocabulum</span> <span class='ocrx_word' id='word_1_96' title='bbox 1059 1390 1088 1438; x_wconf 89' lang='lat' dir='ltr'>ut</span> <span class='ocrx_word' id='word_1_97' title='bbox 1118 1379 1252 1458; x_wconf 87' lang='lat' dir='ltr'>suppleri</span> <span class='ocrx_word' id='word_1_98' title='bbox 1274 1377 1339 1440; x_wconf 86' lang='lat' dir='ltr'>vult</span> <span class='ocrx_word' id='word_1_99' title='bbox 1366 1385 1497 1438; x_wconf 80' lang='lat' dir='ltr'>decreue-</span> 
     </span>
     <span class='ocr_line' id='line_1_12' title="bbox 348 1484 1497 1566; baseline -0.002 -18"><span class='ocrx_word' id='word_1_100' title='bbox 348 1502 421 1549; x_wconf 85' lang='lat' dir='ltr'>runt.</span> <span class='ocrx_word' id='word_1_101' title='bbox 466 1488 567 1564; x_wconf 81' lang='lat' dir='ltr'>Quare</span> <span class='ocrx_word' id='word_1_102' title='bbox 589 1485 794 1566; x_wconf 90' lang='lat' dir='ltr'>Nipperdejus</span> <span class='ocrx_word' id='word_1_103' title='bbox 816 1494 982 1564; x_wconf 80' lang='lat' dir='ltr'>praeeunte</span> <span class='ocrx_word' id='word_1_104' title='bbox 1003 1486 1143 1546; x_wconf 81' lang='lat' dir='ltr'>Ernestio</span> <span class='ocrx_word' id='word_1_105' title='bbox 1177 1484 1304 1563; x_wconf 72' lang='lat' dir='ltr'>delevit,</span> <span class='ocrx_word' id='word_1_106' title='bbox 1335 1484 1497 1546; x_wconf 81' lang='lat' dir='ltr'>Acidolius</span> 
     </span>
     <span class='ocr_line' id='line_1_13' title="bbox 352 1590 1497 1674; baseline -0.002 -20"><span class='ocrx_word' id='word_1_107' title='bbox 352 1597 389 1654; x_wconf 89' lang='lat' dir='ltr'>de</span> <span class='ocrx_word' id='word_1_108' title='bbox 412 1595 648 1673; x_wconf 83' lang='lat' dir='ltr'>transpositione</span> <span class='ocrx_word' id='word_1_109' title='bbox 671 1594 823 1668; x_wconf 83' lang='lat' dir='ltr'>cogitavit,</span> <span class='ocrx_word' id='word_1_110' title='bbox 847 1593 964 1652; x_wconf 83' lang='lat' dir='ltr'>Rittero</span> <span class='ocrx_word' id='word_1_111' title='bbox 987 1590 1195 1674; x_wconf 86' lang='lat' dir='ltr'>nuperrime¹)</span> <span class='ocrx_word' id='word_1_112' title='bbox 1217 1603 1287 1654; x_wconf 82' lang='lat' dir='ltr'>ante</span> <span class='ocrx_word' id='word_1_113' title='bbox 1308 1606 1339 1652; x_wconf 83' lang='lat' dir='ltr'>ut</span> <span class='ocrx_word' id='word_1_114' title='bbox 1360 1592 1497 1652; x_wconf 78' lang='lat' dir='ltr'>vocabu·</span> 
     </span>
     <span class='ocr_line' id='line_1_14' title="bbox 350 1699 1499 1781; baseline -0.004 -18"><span class='ocrx_word' id='word_1_115' title='bbox 350 1705 411 1763; x_wconf 88' lang='lat' dir='ltr'>lum</span> <span class='ocrx_word' id='word_1_116' title='bbox 431 1707 568 1778; x_wconf 80' lang='lat' dir='ltr'>placitum</span> <span class='ocrx_word' id='word_1_117' title='bbox 589 1702 720 1760; x_wconf 89' lang='lat' dir='ltr'>inserere</span> <span class='ocrx_word' id='word_1_118' title='bbox 741 1701 838 1759; x_wconf 87' lang='lat' dir='ltr'>visum</span> <span class='ocrx_word' id='word_1_119' title='bbox 861 1709 917 1759; x_wconf 88' lang='lat' dir='ltr'>est.</span> <span class='ocrx_word' id='word_1_120' title='bbox 960 1699 1101 1760; x_wconf 81' lang='lat' dir='ltr'>Heraeus</span> <span class='ocrx_word' id='word_1_121' title='bbox 1131 1699 1262 1781; x_wconf 86' lang='lat' dir='ltr'>denique</span> <span class='ocrx_word' id='word_1_122' title='bbox 1282 1700 1419 1780; x_wconf 76' lang='lat' dir='ltr'>scripsit:</span> <span class='ocrx_word' id='word_1_123' title='bbox 1454 1714 1499 1759; x_wconf 85' lang='lat' dir='ltr'>at</span> 
     </span>
     <span class='ocr_line' id='line_1_15' title="bbox 352 1808 1497 1886; baseline 0 -18"><span class='ocrx_word' id='word_1_124' title='bbox 352 1815 417 1870; x_wconf 81' lang='lat' dir='ltr'>belli</span> <span class='ocrx_word' id='word_1_125' title='bbox 434 1813 528 1885; x_wconf 82' lang='lat' dir='ltr'>potius</span> <span class='ocrx_word' id='word_1_126' title='bbox 548 1814 612 1883; x_wconf 71' lang='lat' dir='ltr'>jure</span> <span class='ocrx_word' id='word_1_127' title='bbox 636 1813 775 1882; x_wconf 81' lang='lat' dir='ltr'>cederent,</span> <span class='ocrx_word' id='word_1_128' title='bbox 799 1826 905 1867; x_wconf 90' lang='lat' dir='ltr'>sensus</span> <span class='ocrx_word' id='word_1_129' title='bbox 927 1810 1043 1868; x_wconf 83' lang='lat' dir='ltr'>ratione</span> <span class='ocrx_word' id='word_1_130' title='bbox 1055 1827 1161 1886; x_wconf 84' lang='lat' dir='ltr'>perum</span> <span class='ocrx_word' id='word_1_131' title='bbox 1184 1808 1297 1868; x_wconf 85' lang='lat' dir='ltr'>habita.</span> <span class='ocrx_word' id='word_1_132' title='bbox 1339 1809 1399 1868; x_wconf 89' lang='lat' dir='ltr'>Hie</span> <span class='ocrx_word' id='word_1_133' title='bbox 1413 1809 1497 1868; x_wconf 87' lang='lat' dir='ltr'>onim</span> 
     </span>
     <span class='ocr_line' id='line_1_16' title="bbox 351 1914 1498 1994; baseline 0 -18"><span class='ocrx_word' id='word_1_134' title='bbox 351 1938 412 1977; x_wconf 92' lang='lat' dir='ltr'>non</span> <span class='ocrx_word' id='word_1_135' title='bbox 435 1919 536 1994; x_wconf 85' lang='lat' dir='ltr'>agitur</span> <span class='ocrx_word' id='word_1_136' title='bbox 558 1915 597 1976; x_wconf 84' lang='lat' dir='ltr'>de</span> <span class='ocrx_word' id='word_1_137' title='bbox 620 1915 819 1994; x_wconf 88' lang='lat' dir='ltr'>oppositione,</span> <span class='ocrx_word' id='word_1_138' title='bbox 842 1933 938 1994; x_wconf 81' lang='lat' dir='ltr'>ecque</span> <span class='ocrx_word' id='word_1_139' title='bbox 960 1922 1022 1972; x_wconf 89' lang='lat' dir='ltr'>tam</span> <span class='ocrx_word' id='word_1_140' title='bbox 1044 1914 1124 1992; x_wconf 87' lang='lat' dir='ltr'>forti,</span> <span class='ocrx_word' id='word_1_141' title='bbox 1147 1914 1202 1975; x_wconf 89' lang='lat' dir='ltr'>sed</span> <span class='ocrx_word' id='word_1_142' title='bbox 1215 1934 1309 1976; x_wconf 85' lang='lat' dir='ltr'>nexus</span> <span class='ocrx_word' id='word_1_143' title='bbox 1332 1916 1498 1976; x_wconf 80' lang='lat' dir='ltr'>manifesto</span> 
     </span>
     <span class='ocr_line' id='line_1_17' title="bbox 351 2022 1499 2104; baseline 0 -20"><span class='ocrx_word' id='word_1_144' title='bbox 351 2027 376 2084; x_wconf 89' lang='lat' dir='ltr'>is</span> <span class='ocrx_word' id='word_1_145' title='bbox 401 2034 463 2097; x_wconf 89' lang='lat' dir='ltr'>est,</span> <span class='ocrx_word' id='word_1_146' title='bbox 497 2035 530 2083; x_wconf 89' lang='lat' dir='ltr'>ut</span> <span class='ocrx_word' id='word_1_147' title='bbox 559 2025 613 2082; x_wconf 88' lang='lat' dir='ltr'>ille</span> <span class='ocrx_word' id='word_1_148' title='bbox 641 2023 792 2082; x_wconf 87' lang='lat' dir='ltr'>sententia</span> <span class='ocrx_word' id='word_1_149' title='bbox 829 2041 870 2082; x_wconf 86' lang='lat' dir='ltr'>ex</span> <span class='ocrx_word' id='word_1_150' title='bbox 896 2022 933 2080; x_wconf 88' lang='lat' dir='ltr'>iis</span> <span class='ocrx_word' id='word_1_151' title='bbox 966 2041 1045 2102; x_wconf 81' lang='lat' dir='ltr'>quae</span> <span class='ocrx_word' id='word_1_152' title='bbox 1065 2022 1251 2102; x_wconf 86' lang='lat' dir='ltr'>praecedunt</span> <span class='ocrx_word' id='word_1_153' title='bbox 1280 2032 1499 2104; x_wconf 84' lang='lat' dir='ltr'>consequetur.</span> 
     </span>
     <span class='ocr_line' id='line_1_18' title="bbox 354 2127 1498 2212; baseline -0.003 -18"><span class='ocrx_word' id='word_1_154' title='bbox 354 2132 442 2208; x_wconf 80' lang='lat' dir='ltr'>Quod</span> <span class='ocrx_word' id='word_1_155' title='bbox 465 2131 549 2191; x_wconf 82' lang='lat' dir='ltr'>nulle</span> <span class='ocrx_word' id='word_1_156' title='bbox 571 2130 718 2211; x_wconf 84' lang='lat' dir='ltr'>particule</span> <span class='ocrx_word' id='word_1_157' title='bbox 739 2132 834 2206; x_wconf 81' lang='lat' dir='ltr'>magle</span> <span class='ocrx_word' id='word_1_158' title='bbox 865 2127 902 2188; x_wconf 83' lang='lat' dir='ltr'>ud</span> <span class='ocrx_word' id='word_1_159' title='bbox 931 2130 1177 2190; x_wconf 86' lang='lat' dir='ltr'>cousuetudinem</span> <span class='ocrx_word' id='word_1_160' title='bbox 1199 2132 1369 2192; x_wconf 83' lang='lat' dir='ltr'>&#39;Paciliuam</span> <span class='ocrx_word' id='word_1_161' title='bbox 1391 2132 1498 2212; x_wconf 84' lang='lat' dir='ltr'>expri-</span> 
     </span>
     <span class='ocr_line' id='line_1_19' title="bbox 352 2236 1498 2320; baseline -0.001 -19"><span class='ocrx_word' id='word_1_162' title='bbox 352 2243 451 2314; x_wconf 84' lang='lat' dir='ltr'>mitur,</span> <span class='ocrx_word' id='word_1_163' title='bbox 475 2258 564 2319; x_wconf 86' lang='lat' dir='ltr'>quam</span> <span class='ocrx_word' id='word_1_164' title='bbox 586 2238 734 2319; x_wconf 81' lang='lat' dir='ltr'>particule</span> <span class='ocrx_word' id='word_1_165' title='bbox 753 2242 803 2312; x_wconf 86' lang='lat' dir='ltr'>ite,</span> <span class='ocrx_word' id='word_1_166' title='bbox 827 2256 897 2315; x_wconf 84' lang='lat' dir='ltr'>ergo</span> <span class='ocrx_word' id='word_1_167' title='bbox 920 2256 979 2297; x_wconf 89' lang='lat' dir='ltr'>nou</span> <span class='ocrx_word' id='word_1_168' title='bbox 1001 2236 1215 2312; x_wconf 88' lang='lat' dir='ltr'>dubitandum,</span> <span class='ocrx_word' id='word_1_169' title='bbox 1251 2242 1322 2320; x_wconf 90' lang='lat' dir='ltr'>quio</span> <span class='ocrx_word' id='word_1_170' title='bbox 1352 2241 1396 2300; x_wconf 77' lang='lat' dir='ltr'>aio</span> <span class='ocrx_word' id='word_1_171' title='bbox 1422 2241 1498 2300; x_wconf 87' lang='lat' dir='ltr'>seri-</span> 
     </span>
     <span class='ocr_line' id='line_1_20' title="bbox 352 2342 1496 2425; baseline -0.002 -15"><span class='ocrx_word' id='word_1_172' title='bbox 352 2349 482 2410; x_wconf 89' lang='lat' dir='ltr'>bendum</span> <span class='ocrx_word' id='word_1_173' title='bbox 505 2347 553 2407; x_wconf 87' lang='lat' dir='ltr'>sit.</span> <span class='ocrx_word' id='word_1_174' title='bbox 600 2346 700 2404; x_wconf 87' lang='lat' dir='ltr'>Locus</span> <span class='ocrx_word' id='word_1_175' title='bbox 722 2365 761 2404; x_wconf 86' lang='lat' dir='ltr'>ex</span> <span class='ocrx_word' id='word_1_176' title='bbox 783 2345 864 2404; x_wconf 89' lang='lat' dir='ltr'>omui</span> <span class='ocrx_word' id='word_1_177' title='bbox 885 2355 973 2424; x_wconf 87' lang='lat' dir='ltr'>parte</span> <span class='ocrx_word' id='word_1_178' title='bbox 994 2347 1154 2406; x_wconf 85' lang='lat' dir='ltr'>concinens</span> <span class='ocrx_word' id='word_1_179' title='bbox 1176 2356 1224 2406; x_wconf 88' lang='lat' dir='ltr'>est</span> <span class='ocrx_word' id='word_1_180' title='bbox 1245 2342 1322 2408; x_wconf 83' lang='lat' dir='ltr'>Auo.</span> <span class='ocrx_word' id='word_1_181' title='bbox 1343 2343 1413 2425; x_wconf 91' lang='lat' dir='ltr'>XII,</span> <span class='ocrx_word' id='word_1_182' title='bbox 1435 2351 1496 2408; x_wconf 83' lang='lat'>12:</span> 
     </span>
     <span class='ocr_line' id='line_1_21' title="bbox 352 2457 1498 2530; baseline -0.003 -12"><span class='ocrx_word' id='word_1_183' title='bbox 352 2469 441 2518; x_wconf 83' lang='lat' dir='ltr'>monn</span> <span class='ocrx_word' id='word_1_184' title='bbox 462 2459 659 2526; x_wconf 72' lang='lat' dir='ltr'>Meherdaten,</span> <span class='ocrx_word' id='word_1_185' title='bbox 683 2458 864 2512; x_wconf 78' lang='lat' dir='ltr'>barbarorum</span> <span class='ocrx_word' id='word_1_186' title='bbox 885 2457 1002 2528; x_wconf 77' lang='lat' dir='ltr'>impetus</span> <span class='ocrx_word' id='word_1_187' title='bbox 1024 2475 1102 2512; x_wconf 82' lang='lat' dir='ltr'>ceree</span> <span class='ocrx_word' id='word_1_188' title='bbox 1123 2459 1294 2514; x_wconf 71' lang='lat' dir='ltr'>remotione</span> <span class='ocrx_word' id='word_1_189' title='bbox 1320 2461 1498 2530; x_wconf 75' lang='lat' dir='ltr'>lanpumeere</span> 
     </span>
     <span class='ocr_line' id='line_1_22' title="bbox 354 2561 1496 2638; baseline -0.001 -14"><span class='ocrx_word' id='word_1_190' title='bbox 354 2578 402 2624; x_wconf 91' lang='lat' dir='ltr'>aut</span> <span class='ocrx_word' id='word_1_191' title='bbox 422 2569 453 2623; x_wconf 88' lang='lat' dir='ltr'>iu</span> <span class='ocrx_word' id='word_1_192' title='bbox 470 2567 623 2638; x_wconf 78' lang='lat' dir='ltr'>perfidiam</span> <span class='ocrx_word' id='word_1_193' title='bbox 643 2567 763 2634; x_wconf 77' lang='lat' dir='ltr'>mutari,-</span> <span class='ocrx_word' id='word_1_194' title='bbox 783 2566 841 2619; x_wconf 86' lang='lat' dir='ltr'>e&#39;to</span> <span class='ocrx_word' id='word_1_195' title='bbox 862 2572 989 2634; x_wconf 73' lang='lat' dir='ltr'>impeteret</span> <span class='ocrx_word' id='word_1_196' title='bbox 1009 2573 1114 2636; x_wconf 84' lang='lat' dir='ltr'>coepta.</span> <span class='ocrx_word' id='word_1_197' title='bbox 1157 2562 1320 2622; x_wconf 83' lang='lat' dir='ltr'>Praeterea</span> <span class='ocrx_word' id='word_1_198' title='bbox 1349 2561 1387 2622; x_wconf 77' lang='lat' dir='ltr'>ef,</span> <span class='ocrx_word' id='word_1_199' title='bbox 1411 2564 1496 2624; x_wconf 84' lang='lat' dir='ltr'>Anu.</span> 
     </span>
     <span class='ocr_line' id='line_1_23' title="bbox 353 2667 1496 2746; baseline -0.003 -15"><span class='ocrx_word' id='word_1_200' title='bbox 353 2667 404 2746; x_wconf 93' lang='lat' dir='ltr'>IV,</span> <span class='ocrx_word' id='word_1_201' title='bbox 427 2671 484 2730; x_wconf 86' lang='lat'>55:</span> <span class='ocrx_word' id='word_1_202' title='bbox 507 2673 625 2744; x_wconf 71' lang='lat' dir='ltr'>Epicurii</span> <span class='ocrx_word' id='word_1_203' title='bbox 644 2669 812 2739; x_wconf 74' lang='lat' dir='ltr'>iliileeiique,</span> <span class='ocrx_word' id='word_1_204' title='bbox 833 2669 863 2722; x_wconf 81' lang='lat' dir='ltr'>Iti</span> <span class='ocrx_word' id='word_1_205' title='bbox 882 2670 1031 2743; x_wconf 78' lang='lat' dir='ltr'>Apollinis,</span> <span class='ocrx_word' id='word_1_206' title='bbox 1052 2672 1097 2727; x_wconf 88' lang='lat' dir='ltr'>ilii</span> <span class='ocrx_word' id='word_1_207' title='bbox 1116 2673 1232 2728; x_wconf 81' lang='lat' dir='ltr'>Dionae</span> <span class='ocrx_word' id='word_1_208' title='bbox 1252 2673 1421 2728; x_wconf 76' lang='lat' dir='ltr'>caerimonia</span> <span class='ocrx_word' id='word_1_209' title='bbox 1447 2691 1496 2727; x_wconf 86' lang='lat' dir='ltr'>oe-</span> 
     </span>
     <span class='ocr_line' id='line_1_24' title="bbox 353 2775 1593 2874; baseline -0.01 -36"><span class='ocrx_word' id='word_1_210' title='bbox 353 2782 497 2853; x_wconf 85' lang='lat' dir='ltr'>cupuuisee</span> <span class='ocrx_word' id='word_1_211' title='bbox 517 2779 642 2835; x_wconf 86' lang='lat' dir='ltr'>ciuitates</span> <span class='ocrx_word' id='word_1_212' title='bbox 662 2775 722 2832; x_wconf 83' lang='lat' dir='ltr'>uisi.</span> <span class='ocrx_word' id='word_1_213' title='bbox 746 2777 801 2830; x_wconf 89' lang='lat' dir='ltr'>ito</span> <span class='ocrx_word' id='word_1_214' title='bbox 822 2775 981 2864; x_wconf 68' lang='lat' dir='ltr'>Seruianae</span> <span class='ocrx_word' id='word_1_215' title='bbox 1012 2778 1084 2833; x_wconf 82' lang='lat' dir='ltr'>inter</span> <span class='ocrx_word' id='word_1_216' title='bbox 1104 2781 1327 2849; x_wconf 68' lang='lat' dir='ltr'>hnpmaweque</span> <span class='ocrx_word' id='word_1_217' title='bbox 1355 2779 1496 2835; x_wconf 58' lang='lat' dir='ltr'>‹tullera-</span> <span class='ocrx_word' id='word_1_218' title='bbox 1592 2823 1593 2874; x_wconf 34' lang='grc' dir='ltr'>ἰ</span> 
     </span>
     <span class='ocr_line' id='line_1_25' title="bbox 354 2883 1497 2960; baseline -0.003 -17"><span class='ocrx_word' id='word_1_219' title='bbox 354 2899 417 2943; x_wconf 87' lang='lat' dir='ltr'>tum.</span> <span class='ocrx_word' id='word_1_220' title='bbox 456 2885 494 2960; x_wconf 88' lang='lat' dir='ltr'>V,</span> <span class='ocrx_word' id='word_1_221' title='bbox 517 2885 552 2941; x_wconf 85' lang='lat'>4:</span> <span class='ocrx_word' id='word_1_222' title='bbox 572 2885 695 2956; x_wconf 79' lang='lat' dir='ltr'>populus</span> <span class='ocrx_word' id='word_1_223' title='bbox 718 2913 757 2922; x_wconf 86' lang='lat'>—·</span> <span class='ocrx_word' id='word_1_224' title='bbox 780 2883 874 2950; x_wconf 72' lang='lat' dir='ltr'>falum</span> <span class='ocrx_word' id='word_1_225' title='bbox 895 2884 991 2938; x_wconf 83' lang='lat' dir='ltr'>literar</span> <span class='ocrx_word' id='word_1_226' title='bbox 1012 2893 1037 2939; x_wconf 88' lang='lat' dir='ltr'>ct</span> <span class='ocrx_word' id='word_1_227' title='bbox 1055 2885 1184 2956; x_wconf 79' lang='lat' dir='ltr'>principe</span> <span class='ocrx_word' id='word_1_228' title='bbox 1205 2885 1291 2941; x_wconf 87' lang='lat' dir='ltr'>inuito</span> <span class='ocrx_word' id='word_1_229' title='bbox 1311 2885 1423 2940; x_wconf 78' lang='lat' dir='ltr'>erilium</span> <span class='ocrx_word' id='word_1_230' title='bbox 1444 2888 1497 2940; x_wconf 82' lang='lat' dir='ltr'>clo-</span> 
     </span>
     <span class='ocr_line' id='line_1_26' title="bbox 352 2989 1496 3067; baseline -0.002 -15"><span class='ocrx_word' id='word_1_231' title='bbox 352 2996 411 3052; x_wconf 90' lang='lat' dir='ltr'>mui</span> <span class='ocrx_word' id='word_1_232' title='bbox 431 2997 490 3064; x_wconf 75' lang='lat' dir='ltr'>eius</span> <span class='ocrx_word' id='word_1_233' title='bbox 510 2993 619 3048; x_wconf 81' lang='lat' dir='ltr'>intendi</span> <span class='ocrx_word' id='word_1_234' title='bbox 638 2992 772 3047; x_wconf 80' lang='lat' dir='ltr'>clamitat.</span> <span class='ocrx_word' id='word_1_235' title='bbox 804 2991 862 3045; x_wconf 84' lang='lat' dir='ltr'>ila</span> <span class='ocrx_word' id='word_1_236' title='bbox 882 2991 953 3046; x_wconf 77' lang='lat' dir='ltr'>nillil</span> <span class='ocrx_word' id='word_1_237' title='bbox 983 2993 1059 3047; x_wconf 69' lang='lat' dir='ltr'>truste</span> <span class='ocrx_word' id='word_1_238' title='bbox 1079 2993 1130 3048; x_wconf 80' lang='lat' dir='ltr'>illo</span> <span class='ocrx_word' id='word_1_239' title='bbox 1156 2993 1203 3047; x_wconf 74' lang='lat' dir='ltr'>(lie</span> <span class='ocrx_word' id='word_1_240' title='bbox 1220 3001 1374 3063; x_wconf 79' lang='lat' dir='ltr'>patratum.</span> <span class='ocrx_word' id='word_1_241' title='bbox 1420 2989 1496 3067; x_wconf 84' lang='lat' dir='ltr'>Agr.</span> 
     </span>
     <span class='ocr_line' id='line_1_27' title="bbox 279 3099 1495 3173; baseline -0.006 -10"><span class='ocrx_word' id='word_1_242' title='bbox 279 3120 281 3124; x_wconf 77' lang='grc'>’</span> <span class='ocrx_word' id='word_1_243' title='bbox 355 3104 413 3164; x_wconf 85' lang='grc'>12;</span> <span class='ocrx_word' id='word_1_244' title='bbox 435 3121 519 3158; x_wconf 78' lang='lat' dir='ltr'>earm</span> <span class='ocrx_word' id='word_1_245' title='bbox 539 3101 648 3155; x_wconf 84' lang='lat' dir='ltr'>duobus</span> <span class='ocrx_word' id='word_1_246' title='bbox 670 3100 788 3154; x_wconf 69' lang='lat' dir='ltr'>millene</span> <span class='ocrx_word' id='word_1_247' title='bbox 810 3099 966 3154; x_wconf 78' lang='lat' dir='ltr'>ciuitatibus</span> <span class='ocrx_word' id='word_1_248' title='bbox 987 3102 1028 3154; x_wconf 82' lang='lat' dir='ltr'>ad</span> <span class='ocrx_word' id='word_1_249' title='bbox 1045 3101 1270 3170; x_wconf 79' lang='lat' dir='ltr'>propulsandum</span> <span class='ocrx_word' id='word_1_250' title='bbox 1291 3119 1431 3158; x_wconf 85' lang='lat' dir='ltr'>commune</span> <span class='ocrx_word' id='word_1_251' title='bbox 1444 3120 1495 3173; x_wconf 88' lang='lat' dir='ltr'>pe·</span> 
     </span>
    </p>
   </div>
   <div class='ocr_carea' id='block_1_6' title="bbox 351 3206 1592 3280">
    <p class='ocr_par' dir='ltr' id='par_1_6' title="bbox 351 3206 1592 3280">
     <span class='ocr_line' id='line_1_28' title="bbox 351 3206 1592 3280; baseline -0.002 -10"><span class='ocrx_word' id='word_1_252' title='bbox 351 3213 469 3270; x_wconf 88' lang='lat' dir='ltr'>rieulum</span> <span class='ocrx_word' id='word_1_253' title='bbox 490 3215 640 3267; x_wconf 84' lang='lat' dir='ltr'>conuentus.</span> <span class='ocrx_word' id='word_1_254' title='bbox 663 3208 719 3262; x_wconf 82' lang='lat' dir='ltr'>itu</span> <span class='ocrx_word' id='word_1_255' title='bbox 739 3207 843 3277; x_wconf 79' lang='lat' dir='ltr'>einpuli</span> <span class='ocrx_word' id='word_1_256' title='bbox 861 3216 987 3279; x_wconf 83' lang='lat' dir='ltr'>pupnant</span> <span class='ocrx_word' id='word_1_257' title='bbox 1008 3208 1132 3264; x_wconf 84' lang='lat' dir='ltr'>uniuersi</span> <span class='ocrx_word' id='word_1_258' title='bbox 1152 3209 1304 3265; x_wconf 87' lang='lat' dir='ltr'>uincuntur.</span> <span class='ocrx_word' id='word_1_259' title='bbox 1350 3206 1407 3280; x_wconf 89' lang='lat' dir='ltr'>VI,</span> <span class='ocrx_word' id='word_1_260' title='bbox 1443 3209 1494 3268; x_wconf 80' lang='lat'>19.</span> <span class='ocrx_word' id='word_1_261' title='bbox 1591 3217 1592 3274; x_wconf 65' lang='grc' dir='ltr'>ζ</span> 
     </span>
    </p>
   </div>
   <div class='ocr_carea' id='block_1_7' title="bbox 354 3314 1504 3496">
    <p class='ocr_par' dir='ltr' id='par_1_7' title="bbox 354 3314 1504 3496">
     <span class='ocr_line' id='line_1_29' title="bbox 354 3314 626 3376; baseline -0.011 -2"><span class='ocrx_word' id='word_1_262' title='bbox 354 3316 400 3376; x_wconf 93' lang='lat' dir='ltr'>IV</span> <span class='ocrx_word' id='word_1_263' title='bbox 437 3315 486 3373; x_wconf 77' lang='lat' dir='ltr'>ts.</span> <span class='ocrx_word' id='word_1_264' title='bbox 509 3314 562 3372; x_wconf 88' lang='grc'>43.</span> <span class='ocrx_word' id='word_1_265' title='bbox 585 3345 626 3354; x_wconf 90' lang='lat'>--</span> 
     </span>
     <span class='ocr_line' id='line_1_30' title="bbox 403 3364 1504 3496; baseline 0 -18"><span class='ocrx_word' id='word_1_266' title='bbox 403 3364 411 3395; x_wconf 56' lang='lat'>&#39;</span> <span class='ocrx_word' id='word_1_267' title='bbox 440 3419 511 3478; x_wconf 86' lang='lat' dir='ltr'>Alio</span> <span class='ocrx_word' id='word_1_268' title='bbox 534 3409 600 3477; x_wconf 86' lang='lat' dir='ltr'>Ioco</span> <span class='ocrx_word' id='word_1_269' title='bbox 622 3415 828 3495; x_wconf 87' lang='lat' dir='ltr'>Nipperdejus</span> <span class='ocrx_word' id='word_1_270' title='bbox 850 3435 1009 3496; x_wconf 84' lang='lat' dir='ltr'>perperam</span> <span class='ocrx_word' id='word_1_271' title='bbox 1031 3428 1062 3474; x_wconf 86' lang='lat' dir='ltr'>ut</span> <span class='ocrx_word' id='word_1_272' title='bbox 1083 3416 1114 3474; x_wconf 89' lang='lat' dir='ltr'>iu</span> <span class='ocrx_word' id='word_1_273' title='bbox 1137 3424 1309 3476; x_wconf 83' lang='lat' dir='ltr'>contextum</span> <span class='ocrx_word' id='word_1_274' title='bbox 1335 3417 1504 3478; x_wconf 86' lang='lat' dir='ltr'>verborum¹</span> 
     </span>
    </p>
   </div>
   <div class='ocr_carea' id='block_1_8' title="bbox 355 3521 1591 3822">
    <p class='ocr_par' dir='ltr' id='par_1_8' title="bbox 355 3521 1591 3822">
     <span class='ocr_line' id='line_1_31' title="bbox 355 3521 1591 3608; baseline -0.003 -20"><span class='ocrx_word' id='word_1_275' title='bbox 355 3528 474 3588; x_wconf 87' lang='lat' dir='ltr'>intrusit</span> <span class='ocrx_word' id='word_1_276' title='bbox 495 3546 550 3606; x_wconf 88' lang='lat' dir='ltr'>pro</span> <span class='ocrx_word' id='word_1_277' title='bbox 573 3546 608 3584; x_wconf 87' lang='lat' dir='ltr'>oc</span> <span class='ocrx_word' id='word_1_278' title='bbox 638 3522 718 3603; x_wconf 90' lang='lat' dir='ltr'>quod</span> <span class='ocrx_word' id='word_1_279' title='bbox 739 3522 839 3598; x_wconf 70' lang='lat' dir='ltr'>¹habet</span> <span class='ocrx_word' id='word_1_280' title='bbox 867 3521 1028 3582; x_wconf 86' lang='lat' dir='ltr'>Medioeus.</span> <span class='ocrx_word' id='word_1_281' title='bbox 1079 3521 1192 3582; x_wconf 82' lang='lat' dir='ltr'>Exstat</span> <span class='ocrx_word' id='word_1_282' title='bbox 1222 3523 1301 3583; x_wconf 86' lang='lat' dir='ltr'>Anu.</span> <span class='ocrx_word' id='word_1_283' title='bbox 1323 3523 1419 3605; x_wconf 86' lang='lat' dir='ltr'>XIV,</span> <span class='ocrx_word' id='word_1_284' title='bbox 1442 3525 1498 3602; x_wconf 83' lang='lat'>33,</span> <span class='ocrx_word' id='word_1_285' title='bbox 1590 3599 1591 3608; x_wconf 9' lang='grc' dir='ltr'>ἵ</span> 
     </span>
     <span class='ocr_line' id='line_1_32' title="bbox 355 3631 1500 3718; baseline -0.005 -21"><span class='ocrx_word' id='word_1_286' title='bbox 355 3648 446 3718; x_wconf 88' lang='lat' dir='ltr'>atque</span> <span class='ocrx_word' id='word_1_287' title='bbox 469 3636 543 3694; x_wconf 85' lang='lat' dir='ltr'>haec</span> <span class='ocrx_word' id='word_1_288' title='bbox 564 3641 634 3692; x_wconf 90' lang='lat' dir='ltr'>suut</span> <span class='ocrx_word' id='word_1_289' title='bbox 656 3631 766 3691; x_wconf 83' lang='lat' dir='ltr'>verba:</span> <span class='ocrx_word' id='word_1_290' title='bbox 799 3651 886 3704; x_wconf 76' lang='lat' dir='ltr'>neque</span> <span class='ocrx_word' id='word_1_291' title='bbox 908 3633 979 3690; x_wconf 87' lang='lat' dir='ltr'>enim</span> <span class='ocrx_word' id='word_1_292' title='bbox 999 3651 1100 3704; x_wconf 86' lang='lat' dir='ltr'>cepere</span> <span class='ocrx_word' id='word_1_293' title='bbox 1126 3643 1175 3690; x_wconf 86' lang='lat' dir='ltr'>out</span> <span class='ocrx_word' id='word_1_294' title='bbox 1196 3638 1356 3691; x_wconf 78' lang='lat' dir='ltr'>renunciare</span> <span class='ocrx_word' id='word_1_295' title='bbox 1380 3637 1500 3692; x_wconf 83' lang='lat' dir='ltr'>aliudue</span> 
     </span>
     <span class='ocr_line' id='line_1_33' title="bbox 355 3743 1500 3822; baseline -0.005 -16"><span class='ocrx_word' id='word_1_296' title='bbox 355 3752 430 3822; x_wconf 74' lang='lat' dir='ltr'>quod</span> <span class='ocrx_word' id='word_1_297' title='bbox 450 3747 516 3804; x_wconf 82' lang='lat' dir='ltr'>belli</span> <span class='ocrx_word' id='word_1_298' title='bbox 536 3745 739 3814; x_wconf 81' lang='lat' dir='ltr'>commercium,</span> <span class='ocrx_word' id='word_1_299' title='bbox 775 3746 826 3798; x_wconf 80' lang='lat' dir='ltr'>sed</span> <span class='ocrx_word' id='word_1_300' title='bbox 847 3745 946 3798; x_wconf 81' lang='lat' dir='ltr'>caeder</span> <span class='ocrx_word' id='word_1_301' title='bbox 964 3743 1096 3814; x_wconf 83' lang='lat' dir='ltr'>patibula</span> <span class='ocrx_word' id='word_1_302' title='bbox 1116 3743 1191 3812; x_wconf 76' lang='lat' dir='ltr'>ipnec</span> <span class='ocrx_word' id='word_1_303' title='bbox 1212 3761 1317 3814; x_wconf 82' lang='lat' dir='ltr'>eneces,</span> <span class='ocrx_word' id='word_1_304' title='bbox 1353 3754 1500 3816; x_wconf 78' lang='lat' dir='ltr'>tamquam</span> 
     </span>
    </p>
   </div>
   <div class='ocr_carea' id='block_1_9' title="bbox 353 3849 1590 3926">
    <p class='ocr_par' dir='ltr' id='par_1_9' title="bbox 353 3849 1590 3926">
     <span class='ocr_line' id='line_1_34' title="bbox 353 3849 1590 3926; baseline -0.004 -12"><span class='ocrx_word' id='word_1_305' title='bbox 353 3857 494 3915; x_wconf 78' lang='lat' dir='ltr'>reddituri</span> <span class='ocrx_word' id='word_1_306' title='bbox 514 3855 681 3926; x_wconf 84' lang='lat' dir='ltr'>supplicium</span> <span class='ocrx_word' id='word_1_307' title='bbox 703 3871 744 3908; x_wconf 85' lang='lat' dir='ltr'>oc</span> <span class='ocrx_word' id='word_1_308' title='bbox 762 3861 916 3925; x_wconf 85' lang='lat' dir='ltr'>praerepta</span> <span class='ocrx_word' id='word_1_309' title='bbox 934 3853 1043 3907; x_wconf 82' lang='lat' dir='ltr'>interim</span> <span class='ocrx_word' id='word_1_310' title='bbox 1058 3853 1169 3922; x_wconf 84' lang='lat' dir='ltr'>ultione,</span> <span class='ocrx_word' id='word_1_311' title='bbox 1192 3853 1369 3920; x_wconf 76' lang='lat' dir='ltr'>festinabant.</span> <span class='ocrx_word' id='word_1_312' title='bbox 1415 3849 1499 3910; x_wconf 85' lang='lat' dir='ltr'>Nem</span> <span class='ocrx_word' id='word_1_313' title='bbox 1589 3863 1590 3914; x_wconf 65' lang='lat' dir='ltr'>l</span> 
     </span>
    </p>
   </div>
   <div class='ocr_carea' id='block_1_10' title="bbox 355 3955 1499 4240">
    <p class='ocr_par' dir='ltr' id='par_1_10' title="bbox 355 3955 1499 4240">
     <span class='ocr_line' id='line_1_35' title="bbox 356 3955 1498 4036; baseline -0.006 -14"><span class='ocrx_word' id='word_1_314' title='bbox 356 3963 510 4022; x_wconf 86' lang='lat' dir='ltr'>enuntiate</span> <span class='ocrx_word' id='word_1_315' title='bbox 533 3959 692 4036; x_wconf 86' lang='lat' dir='ltr'>conjuncta</span> <span class='ocrx_word' id='word_1_316' title='bbox 714 3959 838 4033; x_wconf 80' lang='lat' dir='ltr'>eogitari</span> <span class='ocrx_word' id='word_1_317' title='bbox 861 3957 973 4035; x_wconf 83' lang='lat' dir='ltr'>optIme</span> <span class='ocrx_word' id='word_1_318' title='bbox 995 3965 1137 4033; x_wconf 71' lang='lat' dir='ltr'>possunt,</span> <span class='ocrx_word' id='word_1_319' title='bbox 1170 3956 1241 4034; x_wconf 92' lang='lat' dir='ltr'>quin</span> <span class='ocrx_word' id='word_1_320' title='bbox 1264 3955 1369 4028; x_wconf 87' lang='lat' dir='ltr'>etiam,</span> <span class='ocrx_word' id='word_1_321' title='bbox 1403 3975 1498 4036; x_wconf 91' lang='lat' dir='ltr'>quum</span> 
     </span>
     <span class='ocr_line' id='line_1_36' title="bbox 355 4063 1499 4150; baseline -0.005 -20"><span class='ocrx_word' id='word_1_322' title='bbox 355 4079 496 4150; x_wconf 83' lang='lat' dir='ltr'>ageretur</span> <span class='ocrx_word' id='word_1_323' title='bbox 519 4068 556 4128; x_wconf 88' lang='lat' dir='ltr'>de</span> <span class='ocrx_word' id='word_1_324' title='bbox 579 4066 758 4126; x_wconf 84' lang='lat' dir='ltr'>coercitione</span> <span class='ocrx_word' id='word_1_325' title='bbox 780 4065 920 4144; x_wconf 85' lang='lat' dir='ltr'>quadam,</span> <span class='ocrx_word' id='word_1_326' title='bbox 943 4075 973 4122; x_wconf 81' lang='lat' dir='ltr'>ar</span> <span class='ocrx_word' id='word_1_327' title='bbox 993 4063 1081 4143; x_wconf 84' lang='lat' dir='ltr'>pIaue</span> <span class='ocrx_word' id='word_1_328' title='bbox 1104 4065 1237 4141; x_wconf 86' lang='lat' dir='ltr'>ineptum</span> <span class='ocrx_word' id='word_1_329' title='bbox 1260 4073 1339 4140; x_wconf 86' lang='lat' dir='ltr'>eret,</span> <span class='ocrx_word' id='word_1_330' title='bbox 1363 4071 1392 4124; x_wconf 88' lang='lat' dir='ltr'>ot</span> <span class='ocrx_word' id='word_1_331' title='bbox 1415 4076 1499 4124; x_wconf 87' lang='lat' dir='ltr'>certo</span> 
     </span>
     <span class='ocr_line' id='line_1_37' title="bbox 356 4163 898 4240; baseline -0.011 -1"><span class='ocrx_word' id='word_1_332' title='bbox 356 4179 413 4239; x_wconf 89' lang='lat' dir='ltr'>dici</span> <span class='ocrx_word' id='word_1_333' title='bbox 437 4163 566 4240; x_wconf 82' lang='lat' dir='ltr'>debebat</span> <span class='ocrx_word' id='word_1_334' title='bbox 589 4182 640 4234; x_wconf 82' lang='lat' dir='ltr'>emi</span> <span class='ocrx_word' id='word_1_335' title='bbox 662 4174 711 4234; x_wconf 89' lang='lat' dir='ltr'>vel</span> <span class='ocrx_word' id='word_1_336' title='bbox 732 4186 834 4234; x_wconf 85' lang='lat' dir='ltr'>tomen.</span> <span class='ocrx_word' id='word_1_337' title='bbox 859 4208 898 4218; x_wconf 87' lang='lat'>-</span> 
     </span>
    </p>
   </div>
   <div class='ocr_carea' id='block_1_11' title="bbox 359 4329 637 4340">
    <p class='ocr_par' dir='ltr' id='par_1_11' title="bbox 359 4329 637 4340">
     <span class='ocr_line' id='line_1_38' title="bbox 359 4329 637 4340; baseline -0.014 0"><span class='ocrx_word' id='word_1_338' title='bbox 359 4329 637 4340; x_wconf 75' lang='lat'>--—--—-——--——</span> 
     </span>
    </p>
   </div>
   <div class='ocr_carea' id='block_1_12' title="bbox 429 4408 725 4478">
    <p class='ocr_par' dir='ltr' id='par_1_12' title="bbox 429 4408 725 4478">
     <span class='ocr_line' id='line_1_39' title="bbox 429 4408 725 4478; baseline 0 -18"><span class='ocrx_word' id='word_1_339' title='bbox 429 4408 458 4478; x_wconf 85' lang='lat' dir='ltr'>t)</span> <span class='ocrx_word' id='word_1_340' title='bbox 476 4410 584 4472; x_wconf 71' lang='lat' dir='ltr'>ruuorog.</span> <span class='ocrx_word' id='word_1_341' title='bbox 606 4411 646 4473; x_wconf 82' lang='lat' dir='ltr'>re,</span> <span class='ocrx_word' id='word_1_342' title='bbox 666 4409 725 4460; x_wconf 82' lang='lat' dir='ltr'>ere.</span> 
     </span>
    </p>
   </div>
   <div class='ocr_carea' id='block_1_13' title="bbox 0 0 1608 5252">
    <p class='ocr_par' dir='ltr' id='par_1_13' title="bbox 0 0 1608 5252">
     <span class='ocr_line' id='line_1_40' title="bbox 0 0 1608 5252; baseline 0 0"><span class='ocrx_word' id='word_1_343' title='bbox 0 0 1608 5252; x_wconf 95' lang='lat' dir='ltr'> </span> 
     </span>
    </p>
   </div>
  </div>
 </body>
</html>
