3196 5270
891 303 932 362 54

340 491 521 552 componere
542 471 664 534 caedem
690 506 727 518 -
753 491 822 532 num
843 492 881 534 eu
899 472 929 534 b.
945 473 965 532 l.
988 479 1035 534 est
1056 473 1168 534 mmen
1191 505 1231 518 -
1256 471 1346 536 valde
1362 493 1488 548 rereor;

339 590 371 640 st
395 581 433 642 de
455 579 527 640 dolo
549 580 621 642 vide
645 579 805 654 Anu.X1,
829 584 888 642 10:
912 580 983 642 dolo
997 587 1078 642 ‚ante
1099 581 1284 661 composito,

426 686 507 746 Hist.
529 686 568 760 11,
593 689 651 746 19:
675 698 733 746 tum
754 691 955 748 mecinense
985 693 1100 762 qrs'mqrse
1129 693 1268 763 costipme
1297 693 1490 750 aedulium

336 799 1090 870 ¹sssorn,ereetumocdiscrimenostendero,ricsssn
1113 801 1232 858 ememtes
1254 801 1487 872 Gnecissopoten·

339 908 412 962 tibus
433 907 541 978 campis
560 913 619 964 tom
637 924 749 977 paucos
769 907 891 964 colones
908 906 1137 977 circumfudisset.
1183 901 1385 964 Doederlinns
1399 902 1487 964 disis:

340 1023 441 1071 metum
461 1009 492 1072 h.
514 1028 543 1072 e.
565 1014 731 1084 pericolum,
754 1028 834 1090 quae
856 1017 904 1070 est
925 1009 1021 1070 facilis
1042 1011 1122 1072 ratio
1152 1010 1332 1089 explicandi.
1390 1011 1433 1071 Et
1455 1019 1491 1072 ut

339 1115 436 1178 facilis
458 1117 502 1178 its
523 1116 610 1178 lube.
655 1115 798 1178 (istorum
821 1117 903 1178 locus
926 1125 974 1178 ost
988 1119 1066 1178 inter
1081 1116 1271 1180 difficiliores.
1314 1118 1488 1181 Tenonmus

339 1223 468 1298 milites,
492 1243 584 1303 qnnsn
607 1242 704 1306 usque
720 1223 760 1282 ed
776 1222 896 1284 Padum
917 1225 1138 1303 pervenissent,
1160 1225 1355 1306 intellexisse,
1377 1225 1487 1286 lnlsusn

338 1331 434 1392 fuisse
455 1330 612 1412 nuntium,
635 1347 735 1409 neque
758 1327 920 1390 (lasciuum
942 1329 1053 1390 flumen
1078 1331 1144 1410 jam
1167 1339 1386 1408 uansgmssnsn
1409 1351 1488 1392 esso.

338 1436 417 1499 Inde
438 1437 567 1516 primum
590 1435 753 1516 expeditur
763 1435 1097 1517 plusquamperfectum
1113 1441 1343 1511 cirmmsudisset.
1366 1438 1488 1500 Deinde

340 1550 485 1624 suppuret,
506 1559 615 1622 reapse
645 1540 685 1603 de
714 1548 796 1602 metu
826 1543 1097 1604 vetustissimorum
1126 1563 1187 1604 non
1210 1543 1322 1607 debere
1348 1546 1487 1622 cogitosi,

341 1668 432 1729 quum
455 1668 515 1708 non
537 1646 659 1708 adesset
681 1645 762 1726 quod
783 1648 934 1708 timerent
979 1648 1107 1710 Accedit
1138 1649 1220 1730 quod
1248 1650 1373 1712 verbum
1399 1664 1488 1714 ortm-

341 1763 408 1816 dere
429 1775 497 1816 cnm
520 1756 668 1817 vocabulo
690 1767 789 1816 metum
810 1758 994 1835 conjungere
1022 1776 1082 1818 non
1109 1757 1189 1818 licet.
1241 1757 1315 1818 Nem
1345 1765 1489 1819 ostendere

339 1863 506 1942 significat:
540 1863 595 1924 auf
613 1863 718 1924 lituae
746 1862 928 1939 binweisen‚
951 1860 1126 1944 ,eodemque
1156 1862 1245 1924 modo
1276 1863 1377 1945 paullo
1408 1867 1488 1926 inire

338 1971 435 2031 redit:
456 1975 565 2031 ratione
585 1976 737 2031 osteudens
781 1970 890 2050 Neque
911 1989 985 2030 uero
1007 1969 1089 2031 idem
1112 1978 1160 2032 est
1181 1990 1218 2032 uc
1239 1969 1383 2048 ementem,
1402 1973 1486 2054 quod

338 2097 441 2143 rursus
464 2077 503 2140 ad
526 2077 685 2140 discrimen
707 2097 767 2138 non
790 2077 962 2159 quadraret,
985 2097 1041 2158 neo
1062 2078 1102 2138 ud
1125 2097 1162 2139 ou
1185 2098 1263 2160 qnue
1284 2079 1485 2159 praecedunt:

337 2192 475 2262 comiqerc
502 2178 699 2246 medutitotcm'
721 2207 809 2246 summ
853 2182 964 2266 Itaque
985 2184 1164 2248 adducimur
1188 2194 1222 2246 ut
1247 2199 1347 2249 meum
1372 2187 1484 2250 babea-

340 2313 406 2354 mus
427 2312 483 2374 pro
506 2293 651 2352 attributo
674 2290 812 2352 vocabuli
834 2295 989 2352 discimus
1034 2291 1096 2352 Sed
1119 2311 1249 2373 quonum
1272 2293 1386 2353 modo?
1420 2295 1484 2355 lix·

338 2399 471 2482 pediam.
514 2399 595 2460 Sene
617 2397 783 2478 prudenter
805 2398 862 2457 hoo
890 2397 956 2460 loco
979 2399 1108 2478 scriptor
1129 2399 1377 2460 consuetudinem
1398 2402 1482 2462 illam

340 2506 460 2569 dicendi
488 2515 610 2569 secutus
639 2513 703 2579 est,
734 2507 875 2588 qnoniam
907 2506 951 2566 sic
979 2505 1162 2568 brevissimis
1194 2507 1294 2570 verbis
1326 2508 1484 2585 significet,

244 2653 247 2656 -
339 2617 421 2700 quod
449 2617 625 2698 ceteroquin
655 2616 685 2674 in
714 2633 853 2675 sermone
883 2615 993 2674 Latino
1027 2615 1084 2675 nisi
1113 2613 1210 2694 longis
1244 2613 1421 2694 ambagibus
1453 2627 1484 2678 et

338 2726 423 2800 large
446 2723 606 2786 verborum
628 2724 717 2801 copie
738 2724 865 2803 exprimi
886 2741 947 2784 non
969 2731 1080 2803 potest.
1124 2721 1224 2800 Quum
1247 2723 1327 2783 enim
1351 2722 1389 2784 de
1410 2745 1483 2786 roro

340 2839 422 2892 metu
445 2829 605 2891 dicendum
626 2848 686 2888 non
710 2836 808 2903 esset,
831 2828 886 2889 sed
908 2835 1023 2888 tantum
1047 2826 1084 2888 de
1108 2835 1209 2904 metu,
1236 2829 1287 2911 qui
1308 2832 1396 2890 certis
1419 2834 1483 2912 qui-

339 2938 466 3000 busdum
488 2933 709 2998 conditionibus
731 2935 842 2996 milites
864 2936 1042 3018 invasisset,
1077 2936 1199 2996 omnino
1228 2934 1325 2998 defuit
1353 2938 1482 3001 voeabu-

338 3048 417 3127 lnm,
445 3064 506 3124 qno
534 3043 566 3104 id
598 3041 680 3124 quod
710 3042 806 3103 voluit
826 3042 983 3104 indiceret.
1041 3042 1130 3102 Nune
1170 3050 1270 3103 sutem
1301 3063 1482 3126 quumqupm

338 3151 505 3235 paullulum
529 3150 655 3211 obscure
676 3149 874 3229 compositum
898 3157 944 3208 eet
962 3149 1150 3208 enuntiatum
1168 3156 1268 3208 tamen
1280 3150 1378 3210 'Puciti
1397 3171 1482 3214 nsum

337 3261 427 3326 altius
449 3257 649 3338 perscrutanti
669 3257 799 3336 putescit
822 3273 928 3315 sensus
951 3255 1002 3335 qni
1021 3254 1135 3315 subest.
1180 3253 1337 3316 Solvemus
1354 3259 1384 3316 in
1405 3257 1483 3319 hunc

229 3433 234 3441 ¹
338 3365 480 3425 modum:
512 3362 660 3438 castigare
682 3361 890 3422 eredulitatem
912 3380 1014 3433 suem,
1045 3379 1134 3440 quum
1160 3360 1353 3421 ostenderent
1382 3362 1483 3423 discri-

337 3491 422 3545 men,
446 3472 475 3530 in
498 3467 580 3550 quod
604 3486 642 3528 ne
664 3467 832 3528 inciderent
853 3467 1047 3528 metuendum
1069 3468 1104 3528 iis
1128 3468 1235 3540 fuerat,
1257 3469 1282 3527 si
1305 3487 1372 3529 cum
1396 3489 1482 3530 exer-

336 3579 397 3639 citu
420 3577 550 3639 Caecina
565 3609 607 3621 -
623 3584 685 3634 tom
705 3592 817 3653 paucas
845 3573 984 3635 cobortes
1012 3571 1262 3634 circumfudisset.
1293 3607 1331 3618 -
1369 3575 1483 3635 Verum

337 3685 412 3745 haec
435 3691 483 3742 est
504 3682 635 3742 brevitas
656 3679 776 3741 dicendi
798 3679 954 3741 Tucitinel

424 3789 505 3850 Hist.
528 3789 568 3869 ΙΙ,
592 3787 649 3848 56:
673 3791 703 3845 ui
722 3796 748 3845 et
768 3789 874 3861 stupris
890 3789 1024 3862 polluere,
1047 3783 1076 3844 h.
1094 3805 1120 3845 e.
1142 3787 1253 3865 stupris
1275 3787 1305 3846 vi
1327 3785 1426 3862 illotis,
1450 3798 1484 3848 ut

336 3899 408 3959 satis
430 3902 516 3978 patet
537 3913 578 3955 ex
605 3891 698 3953 verbo
726 3895 868 3966 polluere,
902 3891 984 3972 quod
1013 3891 1146 3976 alioquin
1178 3892 1223 3952 de*
1250 3894 1279 3953 vi
1308 3891 1392 3954 illato
1423 3895 1485 3955 dici

336 4005 448 4085 nequit.

405 4111 504 4180 filet.
525 4110 564 4183 lI,
590 4111 648 4169 70:
671 4121 696 4168 ot
719 4119 798 4168 orent
821 4129 889 4182 quos
911 4111 994 4166 uario
1019 4113 1082 4179 sore
1112 4127 1219 4181 rerum,
1251 4085 1436 4183 lacrimaeque
1458 4121 1484 4168 ct

336 4219 528 4278 misericordie
548 4219 657 4276 metiret.
702 4213 788 4291 Non,
813 4222 847 4276 ut
867 4213 1028 4304 voluerunt
1051 4213 1186 4274 homines
1210 4213 1307 4296 docti,
1337 4213 1483 4292 interpre-

336 4323 459 4384 tandum
483 4330 548 4384 est:
572 4321 739 4400 mitleidige
753 4321 916 4395 Thrinen,
938 4320 1009 4381 sed:
1034 4319 1168 4393 Mitleid,
1184 4339 1244 4380 was
1264 4320 1325 4380 sich
1341 4320 1371 4379 in
1384 4318 1482 4379 Thre-

335 4451 392 4492 nen
415 4428 500 4490 kund
525 4427 594 4506 gab.
639 4428 740 4508 Atque
769 4427 911 4488 exhibere
942 4446 1051 4488 revera
1082 4425 1259 4487 vocobulum
1291 4429 1485 4486 mesericordia
