3196 5270
870 287 912 346 50

323 447 425 528 qualia
446 458 528 510 sunt:
551 449 765 524 subsignanum
788 450 913 510 militem
931 459 962 510 et
975 469 1070 527 grave
1087 450 1239 528 legionum
1258 469 1377 532 agmen,
1400 451 1470 512 velt

322 557 463 615 libertum
480 565 511 616 et
525 565 740 628 accusatorem,
762 556 834 634 quin
857 559 948 616 etium
973 557 1129 616 notissima
1149 557 1218 616 illu:
1240 565 1307 616 tuta
1327 565 1358 616 et
1379 577 1468 637 prae·
1528 549 1533 560 ’

308 662 435 734 ¹statutio,
464 671 570 721 vetere
599 670 631 722 et
652 661 837 740 periculose,
873 663 903 722 in
929 661 1008 720 huno
1042 660 1164 720 modum
1195 671 1370 742 comparata
1399 682 1469 723 esse

324 765 484 843 quominus
502 766 675 844 judicemus
697 787 735 826 ne
758 768 911 826 minimum
933 767 1055 846 quidem
1076 767 1210 846 impedit.

409 871 553 931 Definitio
575 882 696 947 autem,
728 893 817 953 quam
841 875 983 953 proponit
1005 873 1170 932 Muellerus
1185 871 1227 958 ¹),
1256 896 1347 956 quum
1377 897 1468 938 usum

323 975 407 1036 illum
430 979 604 1038 arctissimis
625 979 734 1040 linibus
756 988 909 1061 coerceat,
934 989 964 1040 et
986 980 1087 1039 multis
1102 977 1174 1040 locis
1190 980 1230 1040 ad
1248 983 1468 1061 explicationes

322 1104 390 1144 enm
414 1085 532 1165 impulit
554 1085 644 1145 valde
666 1085 843 1146 artificiosas
865 1088 1046 1166 minimeque
1069 1086 1257 1163 probabiles,
1281 1097 1313 1149 et
1328 1091 1358 1148 in
1374 1091 1468 1150 inter·

324 1190 480 1270 protendis
501 1193 679 1270 enuntiatis,
712 1198 746 1250 ut
773 1190 853 1250 Anu.
883 1191 970 1262 XIII,
996 1191 1052 1252 15:
1084 1196 1330 1254 dehonestationem
1357 1215 1412 1254 nou
1442 1207 1469 1254 ct

321 1303 440 1358 lascivio
462 1311 609 1372 memorat,
632 1296 860 1370 Hist.1V‚14:
882 1302 931 1357 ubi
950 1309 1028 1356 nocte
1049 1309 1074 1356 ot
1095 1303 1205 1358 laetitio
1225 1304 1296 1373 (cos)
1317 1304 1468 1360 incoluisse

319 1409 406 1479 auu,
428 1403 484 1478 IV,
502 1406 561 1466 69:
580 1408 705 1477 juniores
726 1407 853 1478 periculo
875 1425 910 1462 oo
930 1416 1002 1464 mou
1023 1409 1157 1464 continuit
1178 1414 1227 1465 cet
1257 1425 1380 1483 prorsus
1395 1425 1466 1466 eum

322 1511 468 1571 destituet
489 1529 613 1571 necesse
636 1520 691 1569 est.
736 1508 798 1570 Sed
824 1543 862 1555 -
886 1511 987 1570 nescio
1009 1529 1069 1588 qua
1091 1509 1130 1568 de
1152 1528 1259 1570 caussa
1276 1543 1309 1554 ..
1338 1511 1376 1572 de
1398 1512 1466 1570 tuli·

322 1616 375 1684 bus
398 1615 471 1676 locis
493 1634 532 1676 ne
554 1616 679 1676 verbnm
702 1616 822 1696 quidem
846 1616 928 1676 lacit.

406 1741 473 1800 Nec
495 1739 592 1798 minue
615 1746 695 1799 errat
717 1741 763 1798 vir
787 1740 840 1799 ille
863 1739 987 1809 doctus,
1010 1739 1036 1796 si
1060 1738 1151 1798 dicit:
1175 1740 1244 1800 sind
1263 1761 1324 1800 nnn
1346 1740 1466 1800 biermit

321 1846 371 1905 dic
392 1842 612 1920 Bodingnngen
643 1842 839 1920 angegcben‚
871 1855 960 1905 untsr
990 1843 1104 1920 (lunen¹
1122 1865 1176 1905 eus
1207 1847 1317 1906 ciuem.
1335 1845 1465 1921 lertigen

320 1951 466 2028 Begriffe,
488 1950 582 2011 sowie
603 1948 784 2026 umgelrchrt
805 1969 859 2008 aus
882 1952 955 2011 zwci
979 1950 1120 2023 Wbrtern
1143 1952 1192 2011 ein
1214 1951 1305 2011 hond.
1326 1951 1466 2026 gemacht

320 2058 442 2120 werdon
462 2057 565 2130 kann,
600 2075 636 2114 so
657 2055 730 2131 liegt
751 2056 827 2114 anch
850 2056 986 2134 augleich
1019 2055 1105 2116 darin
1134 2055 1354 2132 ausgodruokt,
1376 2077 1464 2118 wann

320 2166 370 2224 eiu
392 2163 545 2242 gegebner
566 2160 759 2221 lateinieohcr
773 2159 934 2222 Ansdruck
956 2160 1152 2236 nothwendig
1172 2161 1217 2220 als
1239 2161 1329 2224 hond.
1351 2161 1466 2238 gelasst

321 2271 444 2332 werden
466 2287 565 2341 mnes,
587 2286 674 2327 wenn
697 2265 825 2326 ntimlioh
848 2266 897 2326 die
918 2268 992 2326 zwei
1009 2267 1277 2350 Auedrtiokeuiolt
1290 2273 1356 2329 aua
1368 2274 1464 2328 urben-

321 2383 457 2438 ea'uouder
489 2377 647 2434 bestebeude
676 2378 799 2451 Beprsffc
821 2377 997 2434 omdrtutou
1026 2378 1152 2447 kbuaou,
1186 2379 1306 2432 sondcru
1336 2394 1390 2432 auu
1420 2377 1465 2430 olo

295 2527 300 2536 .
321 2486 482 2558 paffenruit&
503 2484 638 2540 amada
656 2483 924 2546 montuootuueuo
937 2484 1054 2554 pedoclt
1072 2483 1150 2540 daeo
1165 2481 1237 2538 stou
1252 2483 1343 2552 pubes.
1369 2478 1463 2537 Nam-

320 2608 381 2668 que
403 2588 429 2646 si
451 2585 529 2652 duae
549 2584 621 2646 illae
644 2585 781 2645 notiones
803 2604 821 2643 a
844 2585 954 2645 Latino
981 2565 1144 2665 seperatim
1173 2585 1298 2661 eogitari
1328 2603 1389 2644 non
1410 2604 1464 2663 po-

323 2700 443 2765 terant,
465 2700 528 2752 turn
551 2690 617 2750 sinc
640 2689 702 2750 ulla
723 2688 910 2751 dubitatione
931 2710 1130 2772 unaquaeque
1151 2710 1206 2771 por
1227 2711 1260 2752 se
1282 2699 1363 2751 stare
1382 2708 1464 2750 seor-

322 2801 377 2862 sim
398 2800 520 2860 minime
544 2795 682 2857 debebat.
727 2795 905 2856 Cavendum
929 2801 995 2869 est,
1024 2814 1063 2854 no
1092 2794 1131 2856 de
1160 2805 1268 2880 nostra¹
1291 2797 1410 2859 dicendi
1432 2806 1463 2858 et

320 2905 473 2981 cogitandi
497 2902 712 2964 consuetudine
734 2903 878 2962 rationem
902 2919 1054 2960 sumamus
1076 2903 1204 2962 orationi
1224 2903 1351 2964 Latinae
1379 2903 1463 2964 edhi-

323 3014 462 3075 bendum.
507 3009 568 3071 Sed
592 3018 712 3070 exstant
741 3010 832 3070 etiam
856 3010 969 3068 multae
998 3028 1124 3088 quarum
1154 3030 1335 3090 quamquam
1368 3012 1464 3071 altera
1520 3043 1526 3052 ·

322 3120 448 3180 ultorem
482 3116 650 3178 necessario
681 3115 816 3195 postulat
850 3115 888 3175 ad
922 3115 1162 3176 constituendam
1200 3125 1335 3177 naturum
1368 3136 1464 3200 suam,

217 3255 219 3262 >
322 3237 423 3288 tamen
441 3232 569 3302 utreque
591 3240 609 3280 a
631 3218 717 3278 nobie
739 3220 914 3300 singillatim
938 3229 968 3282 et
990 3223 1116 3301 cogitari
1139 3231 1171 3284 ct
1193 3224 1340 3283 enuntiari
1354 3231 1463 3302 potest.

324 3331 468 3394 (iunioras
491 3327 601 3401 modo,
635 3343 712 3406 quae
743 3344 835 3408 supra
866 3327 975 3404 collegi
1005 3328 1155 3407 exempla.
1211 3328 1299 3408 Quae
1326 3348 1392 3389 oum
1422 3330 1464 3388 ita

322 3441 399 3515 sint,
419 3437 547 3502 Rothius
569 3435 706 3514 quamvis
735 3431 812 3494 falso
842 3434 880 3495 de
910 3435 1011 3496 multis
1044 3437 1119 3496 locis
1144 3435 1346 3514 judicaverit,
1373 3423 1464 3518 atquc
1514 3469 1517 3472 ·

322 3545 362 3608 sle
385 3545 500 3620 origiue
522 3550 552 3604 et
574 3549 681 3602 natura
702 3539 782 3600 illius
804 3542 920 3619 figurae
943 3542 1023 3601 clero
1057 3563 1116 3602 non
1133 3544 1334 3620 cogitaverit,
1363 3553 1465 3606 tamen

323 3652 362 3714 ad
384 3671 488 3712 varum
510 3647 604 3710 multo
627 3647 750 3728 propius
773 3647 843 3706 mihi
859 3647 979 3708 videtur
993 3643 1165 3726 accessisse,
1180 3670 1270 3730 qnam
1290 3652 1466 3714 Muellerus.

318 3819 320 3826 ,
410 3760 509 3834 Quum
539 3756 629 3834 igitur
661 3759 797 3826 constat,
830 3755 958 3834 figuram
990 3755 1080 3819 hend.
1111 3777 1221 3818 venum
1252 3777 1318 3819 esse
1344 3779 1465 3836 nomen,

398 3975 423 4042 l)
442 3974 479 4025 Er
495 3975 528 4026 ist
546 3971 669 4041 dicjcuipe
687 3971 781 4040 Figat,
801 3971 840 4023 dir
858 3973 906 4038 fuir
925 3973 966 4024 cia
983 3971 1100 4025 roobliclt
1124 3975 1164 4026 ola
1188 3975 1324 4043 aupetbcilt
1347 3991 1393 4028 sur
1409 3974 1464 4026 Er-

277 4095 300 4143 *
324 4065 462 4133 scbeiauup
480 4065 638 4117 mouendo
655 4063 742 4128 Oljcot
759 4065 821 4114 awti
839 4061 965 4131 copulatio
982 4064 1298 4120 aerbeudeueAuedruiclc
1308 4067 1465 4130 seutdom

319 4157 396 4222 jeder
415 4155 527 4208 eioaelm
544 4155 640 4208 ocinum
656 4155 766 4224 Bcpn'ffe
784 4156 854 4208 ecclc
878 4155 919 4206 die
933 4151 1064 4223 Fettyteu
1082 4155 1139 4217 lot,
1162 4157 1202 4208 olo
1225 4159 1271 4210 der
1294 4174 1326 4209 su
1346 4157 1465 4211 terdob-

324 4247 406 4300 rmule
422 4263 504 4315 pause
528 4246 583 4299 und
605 4247 672 4298 aaut
690 4247 730 4298 olo
748 4247 793 4298 der
811 4248 863 4299 ilum
877 4245 1003 4315 copulatio
1026 4247 1187 4299 verbunden
1210 4250 1239 4301 iu
1261 4250 1306 4303 der
1329 4249 1464 4302 Wtrtttct-
1549 4233 1554 4240 ⁶

323 4341 372 4392 leit
389 4339 444 4390 sicle
463 4353 496 4392 aa
515 4337 650 4407 penaltcn,
668 4337 723 4388 uurl
740 4337 781 4389 dis
798 4337 854 4390 riob
871 4355 899 4389 so
916 4337 988 4389 boida
1015 4338 1056 4390 die
1075 4339 1238 4392 tentanum
1257 4341 1464 4409 Eraclciuuupr-

324 4431 406 4494 form,
424 4426 452 4498 iu
472 4426 516 4476 dor·
535 4425 579 4476 der
597 4423 692 4477 undem
709 4427 836 4492 ousireten
854 4428 916 4499 soll,
936 4429 1059 4497 onychen.
