3188 5252
656 323 697 380 87

102 493 212 556 ticulac
241 497 441 574 usurpantur:
477 492 557 550 Ann.
580 487 601 572 l,
632 491 688 552 752
721 495 805 550 ceteri
831 494 972 550 silentiam
1004 501 1029 548 ct
1052 501 1248 565 paupertatem

101 604 270 671 confertiores·
298 612 325 660 et
352 604 481 673 benefida
499 603 667 672 praetulere.
711 592 732 671 l,
757 600 793 657 2:
829 609 890 657 tnta
919 609 945 656 et
975 601 1143 672 praesentia
1164 618 1249 672 quom

1 755 2 760 ,
99 720 192 766 unna
212 719 238 767 ct
254 712 415 782 pas'culosa
435 710 520 766 melle
548 704 711 781 (chinum).
735 737 774 748 ·-
798 703 842 766 Ut
870 723 926 784 per
957 722 990 764 sc
1011 711 1106 784 patet,
1129 706 1247 765 inveni·

1 823 2 862 t
99 825 189 875 untur
224 816 317 876 etiam
338 814 399 876 dno
421 815 506 894 paria
527 813 694 886 verborum,
726 832 805 893 quae
834 811 973 874 sibinen
1002 810 1195 892 respondent,
1215 821 1245 873 et

98 921 268 984 cavendum
299 931 346 984 est
372 942 411 984 ne
443 925 475 982 in
501 921 547 981 his
578 920 668 982 rebus
699 919 855 982 subtiliore
885 921 999 998 ingenii
1029 921 1166 981 acumine
1196 920 1242 980 usi

98 1029 275 1109 scriptorem
297 1029 514 1090 accuratiorem
536 1028 693 1108 magisque
716 1027 755 1086 ad
777 1034 873 1088 certae
895 1027 980 1106 leges
1001 1026 1173 1106 loquentem
1194 1027 1239 1086 fa·

98 1137 221 1211 ciamus,
248 1157 338 1217 quam
366 1138 432 1216 ipsc
460 1136 566 1197 voluit.
610 1133 670 1200 Sic.
701 1133 782 1195 Arm.
812 1130 865 1208 Ν,
889 1115 924 1192 t:
966 1141 1048 1194 moda
1075 1138 1190 1208 turpino
1217 1147 1244 1193 et

98 1249 187 1319 tunm
227 1265 311 1319 coepe
332 1248 474 1304 taenareo
496 1265 530 1304 oc
550 1247 706 1318 minitantia,
743 1242 795 1304 ubi
826 1243 1052 1323 responsionem
1074 1243 1099 1300 is
1122 1250 1238 1304 tanturn

97 1349 230 1429 reperiet
252 1350 304 1431 qui
324 1351 390 1430 ipse
415 1369 482 1410 eam
505 1351 667 1410 intruserit.

187 1456 375 1536 Drepana,
406 1477 534 1536 quorum
566 1456 685 1532 singula
715 1455 808 1516 verba
842 1473 896 1534 per
928 1473 979 1530 que
1005 1465 1240 1531 coenerosam,

98 1562 277 1643 plerumque
297 1563 328 1624 in
350 1563 522 1648 universum
538 1571 653 1624 tontum
673 1562 733 1624 sibi
755 1562 948 1642 respondent,
971 1583 1009 1622 ex
1031 1563 1239 1642 singulispar-

94 1669 174 1732 tibus
205 1690 265 1731 non
294 1668 415 1751 item¹].
467 1671 547 1731 Hiar.
572 1666 594 1743 l,
623 1671 679 1730 49:
710 1682 794 1744 caput
818 1692 872 1744 per
893 1674 967 1730 lices
994 1676 1156 1744 ennean
1183 1678 1243 1742 aas·

1 1773 2 1806 ³
98 1785 182 1847 finum
202 1783 417 1852 immotumque.
483 1777 587 1840 Germ.
610 1780 666 1838 41:
694 1801 778 1852 qutun
799 1783 895 1838 cetera's
915 1783 1038 1852 pentem
1060 1802 1141 1838 erma
1159 1787 1242 1839 mode

97 1899 245 1960 oneraque
264 1892 448 1960 mundantur,
470 1891 514 1946 tis
535 1893 630 1946 dones
651 1889 788 1960 uittasque
796 1890 989 1960 patefecimus:
1020 1885 1137 1948 Caussa
1153 1905 1240 1966 repe·

97 1993 190 2053 tanda
223 2000 272 2053 est
302 2013 341 2052 ex
368 1993 399 2052 vi
428 2013 463 2052 ac
495 2001 603 2053 natura
635 1993 802 2073 particuiae
828 2013 886 2068 quc.
912 2027 944 2038 -
974 1992 1036 2054 Sed
1069 1995 1093 2052 si
1116 1993 1240 2054 alterius

98 2106 214 2160 uatum
245 2099 328 2179 puris
350 2098 445 2159 verba
466 2118 521 2178 per
543 2119 595 2174 qne
616 2101 777 2177 conjuncta
798 2108 878 2172 sunt,
907 2099 1029 2160 alterius
1052 2119 1125 2160 vcro
1148 2103 1239 2180 parti·

96 2203 164 2263 cuia
183 2216 211 2264 ct
231 2202 282 2264 vel
312 2215 395 2276 otene
416 2203 465 2263 vei
486 2221 545 2277 nec,
574 2201 649 2262 iilud
679 2202 769 2262 modo
805 2211 838 2263 ut
867 2210 964 2264 totum
997 2203 1149 2284 quoddam
1171 2205 1239 2266 huic

98 2289 269 2387 opponitur,
292 2307 381 2369 mode
404 2308 492 2368 ambo
516 2309 714 2388 expertibus
737 2310 799 2369 suis
822 2308 878 2370 sibi
900 2311 1095 2390 respondent.
1116 2309 1238 2390 n)Ann.

96 2409 179 2489 tht‚
203 2416 261 2476 35:
294 2421 399 2476 eneam
422 2423 588 2490 sursumque
620 2420 704 2489 puori
731 2438 804 2476 noan
825 2429 851 2475 et
872 2420 944 2474 mna
964 2421 1089 2478 emerem
1135 2417 1238 2478 Germ.

96 2524 153 2582 43:
185 2526 331 2596 Marcioni
351 2535 377 2582 et
398 2526 474 2582 Bure·
492 2543 616 2582 remorre
637 2527 767 2596 meaque
788 2526 893 2582 Sueuos
914 2528 1044 2594 referunt.
1091 2519 1175 2583 idern
1198 2525 1236 2584 de

96 2624 287 2704 disjunctivis
313 2626 468 2704 particulis
499 2626 591 2688 valet.
635 2625 716 2684 Hiet.
746 2621 782 2702 tl,
812 2627 867 2686 68:
905 2630 997 2700 tapeti
1023 2631 1179 2702 tenentque
1206 2651 1240 2689 en

1 2741 2 2768 ¹
95 2737 215 2794 nnuma
235 2738 434 2808 imperatorum
455 2739 626 2794 annumero
649 2739 828 2794 aemulantur
856 2740 900 2794 cel
921 2739 1085 2808 tempestiuis
1106 2741 1237 2796 moniciae

94 2845 224 2914 pandent.
267 2836 349 2902 Anu.
364 2841 390 2914 I,
413 2843 471 2900 44:
493 2846 520 2902 se'
540 2844 645 2900 camni
665 2845 691 2900 ee'
713 2845 784 2914 tepio
807 2845 976 2900 inductorem
1001 2845 1237 2918 innocentiamque

95 2953 311 3022 adprobaverat,
347 2953 480 3009 retinebat
520 2952 661 3022 ordinem
698 2953 746 3008 nbi
776 2952 927 3008 anuntiant
961 2959 1010 3008 ent
1047 2947 1237 3012 metentem

94 3077 225 3114 conuenere
254 3059 468 3130 obimeansent,
496 3061 655 3116 cometem
682 3059 792 3114 mettun.
815 3087 857 3100 -
881 3054 911 3132 b)
933 3053 1012 3115 Anu.
1036 3049 1072 3133 ΙΙ,
1097 3059 1153 3117 26:
1176 3082 1237 3120 curn

96 3185 115 3220 a
136 3166 280 3222 Ctnmcic
301 3166 548 3236 anobarde'sqne
573 3165 765 3235 precatique
792 3165 894 3220 tenore
921 3173 970 3220 eut
990 3167 1093 3220 recenti
1112 3167 1237 3224 libertate

96 3282 121 3328 ct
147 3281 247 3330 contra
276 3276 422 3344 armandae
446 3274 633 3337 ‘deminutam'
660 3281 818 3330 certaretur.
870 3267 951 3328 Anu.
974 3265 996 3343 l,
1026 3270 1085 3328 41:
1123 3278 1237 3343 penitae

95 3397 129 3433 ac
145 3380 278 3450 planctae
299 3379 418 3436 menam
441 3398 523 3436 aures
544 3396 649 3450 manne
671 3382 830 3446 aduenere,-
865 3393 933 3436 uam
966 3375 1105 3453 planctus
1126 3384 1236 3436 cerni-

94 3496 159 3542 tur.
203 3483 285 3542 Hist.
309 3478 331 3559 l,
360 3485 419 3544 52:
451 3489 545 3543 sicuti-
567 3488 685 3544 modesti
712 3487 849 3557 noemae
885 3487 926 3542 e'tn
959 3487 1030 3542 meli
1064 3495 1089 3543 et
1124 3491 1234 3545 etrenne‘.

93 3591 153 3651 Per
182 3585 371 3650 Chiasmuin:
402 3587 505 3650 Germ.
529 3592 589 3652 28:
623 3595 691 3664 quie
715 3595 787 3664 pari
818 3595 884 3650 otim
921 3593 1019 3663 inopie
1048 3612 1082 3649 aa
1110 3597 1236 3653 libertate

94 3703 196 3756 euclem
216 3700 359 3772 etmuspec
379 3701 461 3770 ripae
482 3699 555 3756 tana
575 3701 705 3770 udoque
727 3709 813 3756 erent.
850 3696 928 3756 Anu.
954 3690 976 3772 Ι,
999 3697 1057 3757 31:
1089 3721 1144 3758 nen
1165 3724 1236 3760 unns

93 3805 170 3872 iaec,
198 3811 229 3858 nt
256 3804 435 3860 Pannonicus
464 3806 537 3860 inter
565 3804 684 3874 lepicnee
714 3804 889 3874 Percennius,
918 3821 968 3860 nec
1000 3808 1080 3874 apud
1108 3808 1234 3877 trepides

93 3909 210 3966 metitum
224 3927 307 3966 mereo
329 3911 400 3966 atros
422 3911 574 3968 umidiores
596 3911 728 3966 euentum
749 3910 960 3981 reperientem,
982 3913 1032 3967 sect
1053 3913 1141 3968 mutto
1162 3915 1234 3970 aedi-

93 4019 174 4074 tinu‘o
196 4035 404 4089 normaeque.
450 4015 636 4076 Vocabulum
660 4015 845 4076 cendictum
869 4023 914 4075 est
936 4035 990 4094 per
1013 4015 1142 4092 figurem
1158 4037 1235 4097 quae
1315 4077 1318 4084 ,

93 4131 235 4182 vocatur:
258 4140 328 4199 pars
350 4141 406 4201 pro
430 4130 502 4196 toto,
536 4131 568 4182 ut
592 4122 673 4202 apud
711 4123 804 4200 Verg.
826 4120 902 4183 Aen.
926 4117 992 4195 Vll,
1016 4123 1094 4183 575:
1121 4132 1237 4197 foedata·

166 4299 196 4368 i)
215 4302 356 4366 Quicmqusur
381 4319 423 4367 per
442 4305 568 4356 chiasmum
587 4305 631 4354 sibi
648 4304 789 4367 respendere
808 4303 913 4352 videntur
931 4301 988 4350 Hist.
1009 4302 1044 4362 iv,
1074 4303 1120 4353 te:
1150 4307 1188 4358 sic
1205 4308 1234 4358 in

96 4392 196 4443 Gallius
226 4393 426 4464 eremumque
451 4399 569 4460 intentus,
601 4397 623 4447 si
651 4395 777 4446 destinata
806 4393 987 4462 provenissent,
1018 4393 1233 4449 ualidissimorum

88 4483 321 4550 catenarumque
339 4489 475 4542 munaum
493 4505 571 4560 repro
589 4485 742 4541 imminebat.
