3196 5270
671 277 712 336 37

125 445 187 508 Sed
209 467 303 527 saepe
336 457 422 508 acute
455 447 583 507 discerni
614 468 677 507 non
706 452 843 526 possunt.
901 443 990 520 Quod
1019 464 1057 503 ex
1088 445 1161 524 ipsis
1192 445 1266 505 locis

124 554 238 632 optime
260 553 401 627 elucebit,
423 552 503 612 dnn.
526 551 584 627 XI,
608 554 667 613 33:
705 557 737 609 ia
765 557 858 611 codam
882 555 1030 624 qasturntua
1060 558 1151 611 sedem
1176 558 1267 627 ponat

122 665 341 736 assumiturque·
376 661 419 719 sic
447 659 527 718 enim
561 658 629 735 lego
663 658 896 736 exconjectura
918 656 1075 717 Waltheri.
1112 657 1266 718 Mediceus

121 767 267 845 praebet:
287 773 468 843 assumitque,
502 766 568 830 cod.
593 765 849 846 Guelferbytanus
868 769 1020 839 sumitque,
1043 764 1123 846 quod
1145 785 1265 846 recepe·

123 881 195 932 runt
215 875 337 954 plurimi
360 875 509 934 editorum
530 874 743 931 recentiorum.
796 872 933 951 Utraque
960 871 1049 930 lectio
1077 869 1117 929 nd
1146 888 1266 930 sensum

123 981 351 1041 accommodata
371 989 435 1053 est,
467 979 522 1039 sed
544 977 694 1038 Waltlreri
716 978 805 1038 valde
833 979 947 1038 arridet
973 977 1013 1037 ob
1034 978 1132 1036 locum
1153 977 1266 1038 Plinia-

122 1105 209 1160 num‚
233 1105 323 1166 quem
345 1087 397 1146 ille
419 1085 535 1144 attulit:
556 1085 638 1162 Epp.
659 1085 714 1156 111,
739 1089 774 1144 1:
807 1089 959 1144 nottestan
988 1088 1112 1142 ascendit
1142 1089 1267 1145 maumit-

123 1214 176 1266 quc
197 1215 316 1252 numeru
359 1194 403 1252 Et
424 1191 505 1271 quod
528 1193 619 1250 etiam
643 1191 764 1268 majoris
787 1191 931 1250 momenti
954 1197 1016 1264 est,
1044 1210 1137 1269 quum
1167 1191 1267 1251 diffici-

123 1297 181 1356 lius
204 1299 246 1358 sit
268 1297 423 1358 intellectu
445 1298 598 1378 quomodo
622 1317 661 1358 ex
683 1301 849 1370 assumitque
870 1303 1043 1374 corruptum
1066 1298 1106 1355 sit
1125 1302 1267 1374 sumitque,

123 1405 267 1465 facillime
289 1414 336 1464 est
365 1406 487 1480 videre,
518 1405 671 1465 librarium
702 1403 851 1484 quandam
880 1402 1058 1482 compendio
1089 1404 1170 1484 quod
1193 1413 1239 1465 est
1253 1405 1268 1422 ”

123 1529 185 1570 non
208 1510 363 1570 intellecto
388 1509 472 1591 (nam
495 1510 537 1568 sic
559 1528 651 1589 saepe
673 1509 823 1568 indicatur
844 1509 877 1566 in
896 1507 956 1566 fine
983 1508 1124 1568 vocabuli
1152 1509 1269 1590 syllaba

122 1617 169 1694 ur)
193 1621 361 1690 commitatae
390 1616 468 1676 male
500 1617 658 1696 scripsisse
670 1611 709 1694 1).
738 1649 784 1660 —
813 1614 895 1673 Hist.
921 1615 945 1688 I,
980 1615 1038 1675 85:
1067 1621 1157 1676 oratio
1179 1651 1220 1660 -
1243 1631 1268 1676 et

121 1729 280 1784 scandatis
299 1731 398 1784 modas
420 1756 459 1768 -—
490 1736 570 1798 qratc
592 1736 721 1798 accepta,
752 1727 947 1797 commonitione
974 1731 1015 1781 ad
1041 1746 1190 1799 promens,
1222 1731 1270 1800 qua*

122 1836 244 1891 enormi
272 1853 327 1890 non
355 1843 494 1906 poterut.
549 1831 590 1904 Π,
613 1832 650 1891 4:
680 1833 824 1890 Sostratae
853 1833 901 1887 ubi
935 1835 1011 1888 lucta
1038 1844 1065 1890 at
1092 1838 1270 1906 conquaestio

122 1951 187 1997 eata
207 1943 369 2012 magnisque
390 1941 521 1998 consultis
542 1943 665 1996 macac
687 1944 770 1996 &um
790 1939 866 1996 aaa
887 1945 943 1996 cet.
968 1972 1005 1981 -
1030 1936 1132 1998 Germ.
1156 1941 1192 1998 6:
1221 1962 1270 2000 nec

124 2057 173 2104 aut
193 2049 284 2104 sams
305 2050 402 2103 adeam
423 2055 473 2102 aut
487 2047 632 2102 canalium
651 2047 723 2102 a'ut'rc
742 2047 922 2116 ignominioso
937 2051 1008 2118 saa,
1031 2049 1162 2120 multique
1174 2067 1269 2120 mper-

122 2155 199 2210 stt'tcs
221 2155 353 2210 bellorum
374 2153 524 2229 infamium
546 2155 646 2224 laqueo
668 2153 812 2224 statuant,
836 2171 888 2224 qua
909 2150 992 2209 valet
1014 2157 1088 2209 code
1107 2157 1215 2223 famum
1230 2165 1269 2210 cst

122 2269 163 2316 at.
206 2256 288 2316 Ann.
310 2256 355 2334 ΙΙ,
380 2259 442 2316 20:
464 2260 548 2315 censet
570 2235 627 2314 dua
648 2260 784 2330 impuram
805 2260 953 2315 comminus
977 2278 1117 2333 paquara,
1147 2263 1268 2318 remotis-

122 2346 177 2440 ψ
204 2369 325 2440 pausum
354 2341 504 2438 nassau
530 2369 689 2436 sannam
717 2369 907 2438 tthrttorecquc
939 2377 1062 2424 aaran
1093 2371 1150 2425 aaa
1175 2372 1270 2440 jasa,-

124 2472 277 2550 intellige:
300 2480 331 2530 et
355 2470 393 2530 de
416 2490 452 2531 ea
475 2490 592 2530 caussa.
649 2471 732 2530 Inter
761 2470 871 2529 multos
905 2471 1036 2530 maxime
1069 2472 1269 2532 memorabilis

124 2588 170 2640 eet
192 2580 276 2639 locus
307 2579 389 2638 Hist.
411 2579 466 2651 ΠΙ,
491 2579 550 2638 25:
578 2587 693 2653 sumam
721 2601 778 2638 canc
808 2583 896 2638 scelus
925 2583 1074 2653 loqtttmtur
1095 2584 1270 2656 sociantque,

125 2706 248 2766 exque
279 2693 427 2767 apparat,
461 2694 575 2765 quanta
605 2694 669 2746 arte
698 2687 822 2745 Tacitus
851 2705 907 2745 sua
936 2687 1031 2765 ipsius
1059 2687 1179 2747 dicendi
1202 2709 1270 2767 pro-

124 2795 255 2873 prietate
276 2793 316 2852 ad
339 2811 537 2872 quaecunque
558 2793 713 2854 efficienda
735 2787 845 2853 utaturss
887 2793 1007 2854 Acerbe
1034 2796 1112 2854 enim
1144 2804 1190 2855 eat
1211 2797 1272 2856 iro-

125 2903 194 2961 nica
216 2901 383 2981 sententia,
417 2901 442 2958 sl
464 2899 590 2960 verbnm
608 2905 776 2975 sumantque
801 2901 944 2960 sumimus
966 2909 1000 2960 ut
1022 2921 1208 2982 consequens
1231 2923 1270 2964 ex

125 3010 162 3068 iis
186 3026 265 3088 quae
287 3005 483 3086 praecedunt.
528 3007 590 3067 Sed
613 3016 715 3088 potest
738 3009 830 3067 etiam
853 3009 896 3067 sic
917 3010 1026 3088 accipi,
1049 3017 1082 3068 nt
1103 3011 1270 3089 posteriore

122 3125 244 3176 tantum
267 3123 403 3193 tempore
426 3111 568 3175 incidisse
591 3114 717 3174 dicatur.
770 3115 911 3195 Denique
939 3123 1091 3196 tamquam
1114 3137 1131 3178 e
1153 3126 1270 3178 contre-

125 3226 169 3283 rio
203 3223 314 3282 dictum
346 3221 499 3300 explicare
528 3222 608 3284 licet.
660 3223 773 3283 Verum
798 3223 865 3302 ipsa
887 3223 943 3282 hac
965 3223 1159 3300 ambiguitate
1182 3227 1270 3286 datur

101 3313 250 3403 lectori,
273 3336 307 3387 ut
331 3325 494 3405 cogitando
527 3327 727 3407 quodcunque
759 3326 860 3407 placet
892 3327 993 3388 verbis
1021 3329 1146 3403 subdat,
1172 3333 1216 3390 ita
1237 3341 1270 3393 ut

125 3455 263 3516 eaquae
285 3436 398 3514 scripta
420 3441 489 3494 sunt
510 3454 571 3493 non
594 3442 712 3494 tantum
734 3436 831 3495 otiose
851 3437 978 3516 recipiat
1000 3435 1054 3495 ssd
1076 3457 1152 3516 quas
1167 3448 1270 3500 auctor

125 3544 191 3602 vias
214 3540 368 3618 cogitandi
390 3531 569 3600 monstravit
590 3543 657 3620 ipse
678 3543 831 3618 ingressus
854 3562 974 3602 sensum
1005 3545 1058 3622 qui
1079 3543 1203 3605 subesse
1224 3549 1269 3606 vi·

126 3647 214 3708 detur
237 3646 389 3706 adfinem
411 3644 558 3726 perducat
581 3656 673 3726 atque
695 3648 823 3709 excolat.

213 3755 295 3814 Hist.
317 3753 378 3833 111,
401 3756 463 3814 41:
494 3767 525 3813 at
546 3788 584 3798 -
610 3759 725 3816 Gallias
745 3769 771 3816 et
792 3761 925 3816 samatus
946 3769 972 3816 et
993 3763 1162 3819 &amatae
1180 3773 1271 3834 uentae

125 3883 277 3936 meumque
298 3866 398 3921 tatum
419 3865 508 3922 aaa.
534 3895 573 3906 -

213 3988 243 4046 5.
288 3986 461 4045 Meminerit
483 3987 574 4046 velim
597 3987 708 4060 lector,
726 3989 792 4065 jam
816 3986 884 4069 §.¹1
915 4008 970 4048 nos
999 3989 1092 4049 verbo
1122 3993 1268 4072 tetigisse,

127 4091 287 4175 aliquando
311 4093 402 4162 etiam
424 4094 536 4173 apponi
559 4096 743 4174 epexegesin
756 4114 810 4174 per
824 4096 1001 4176 particulam
1020 4119 1080 4171 quc.
1113 4097 1163 4158 Ad
1180 4117 1269 4179 quem

126 4221 213 4261 usum
236 4219 314 4261 nunc
337 4199 415 4264 dabo
437 4201 525 4282 plura
549 4202 697 4281 exempla.
741 4202 821 4262 Hist.
843 4204 881 4278 11,
905 4204 962 4265 57:
992 4211 1068 4278 quud
1093 4211 1194 4280 putam
1223 4213 1270 4267 ub-

202 4407 227 4478 l)
246 4410 275 4461 cl.
293 4409 349 4461 ller.
367 4408 429 4460 stud.
453 4409 504 4459 crit.
529 4425 581 4474 pag.
602 4409 653 4460 154
671 4424 736 4473 seqq.
