3196 5270
644 265 723 328 '65

127 447 236 501 aenium
259 451 409 518 pascebam
422 442 457 522 ¹).
479 477 519 487 -—
566 439 669 503 Germ.
700 441 759 502 25:
791 448 914 503 οοσίιιιιι
940 451 1073 519 (aarum)
1093 453 1180 507 soleret
1206 471 1261 508 nott

126 555 328 627 disciplina
353 566 382 612 et
411 557 618 626 seueritate,
648 557 697 610 aad
717 556 848 625 impetn
878 565 908 610 et
927 557 994 612 ira.
1016 589 1057 598 --
1102 553 1179 615 Ibid.
1202 560 1258 617 37:

126 663 278 733 unumpate
301 669 403 736 sumac
433 666 494 722 lata
515 663 631 733 acedula
650 672 761 716 nonem
781 671 899 734 utraque
920 674 1040 722 castra
1063 686 1102 722 ac
1131 643 1259 739 spatia,

125 787 242 838 morum
263 774 366 828 ambita
386 791 459 828 nunc
479 785 586 844 qurae
616 771 739 826 metiaris
759 773 875 826 molem
895 791 1079 846 manusque
1100 779 1193 846 uentu.
1216 807 1259 820 -·

211 877 356 936 Fortasse
380 878 448 957 quis
470 876 595 936 miratus
619 882 677 946 est,
697 873 777 953 quod
800 874 839 934 ad
862 875 1049 955 probandum
1073 881 1258 941 enuntiatum

118 988 277 1056 pauculum
298 998 347 1043 aaut
366 998 451 1044 metue
472 1005 532 1045 non
555 983 643 1042 attuli
665 983 745 1042 Hist.
763 982 801 1069 ,1³
825 985 883 1043 88:
914 991 1007 1044 nullus
1028 994 1098 1046 orda
1118 1002 1190 1047 man
1211 1004 1259 1049 aut

118 1096 247 1165 periculo
267 1115 377 1152 uacuae.
422 1090 483 1152 Sed
505 1087 586 1151 hunc
605 1092 702 1150 locum
726 1125 768 1134 —
789 1099 823 1150 ut
845 1095 1147 1155 unonomiueomnia
1167 1117 1259 1158 enun-

123 1201 194 1260 tiem
219 1236 260 1246 -
282 1221 337 1280 pro
360 1200 540 1277 glossemate
562 1198 667 1258 habeo.
700 1200 848 1258 Narratur
871 1199 1021 1262 Othonem
1037 1201 1167 1263 Galliam
1182 1206 1258 1264 Nar·
1361 1191 1364 1198 ⁴

122 1308 287 1368 bonensem
312 1307 434 1384 adgredi
458 1308 590 1367 voluisse
605 1315 637 1366 et
658 1309 720 1385 jam
742 1307 799 1365 iter
822 1307 915 1366 multo
928 1311 1071 1368 comitatu
1093 1313 1257 1390 paravisse.

122 1417 203 1476 Dein
226 1418 301 1485 haee
323 1417 478 1493 leguntur:
501 1421 586 1490 ipr'tnr
606 1428 681 1476 mota
701 1419 777 1473 urbia
798 1437 882 1488 cama5
910 1421 1003 1474 nullus
1024 1425 1094 1477 ordo
1116 1431 1187 1478 mma
1209 1433 1258 1478 aut

117 1532 245 1600 pauculo
266 1548 376 1585 uacans.
410 1531 551 1586 Primores
571 1536 683 1584 senatus
705 1535 794 1582 aetate
815 1527 945 1581 inualida
967 1537 993 1582 et
1013 1530 1096 1599 lanua
1116 1549 1188 1602 pace
1210 1535 1279 1586 cle--

56 1626 62 1638 ¹
120 1640 203 1709 sidua
225 1637 315 1708 semla
329 1647 354 1692 et
376 1638 462 1693 abida
478 1637 610 1692 bellorum
621 1635 760 1704 nobilitas,
784 1634 899 1704 ipnarus
911 1635 1028 1690 militiae
1044 1655 1132 1709 eques,
1155 1649 1257 1709 quanto

121 1747 210 1816 anapia
232 1746 369 1808 ocmltarc
391 1753 417 1800 et
439 1745 681 1814 alderspauarem
695 1743 860 1812 edebantur,
882 1744 1057 1810 manifestius
1075 1747 1185 1816 pauidi.
1208 1767 1257 1802 nec

119 1857 237 1909 deerant
263 1871 278 1908 e
309 1854 448 1908 canrosa
477 1854 527 1922 qui
555 1852 700 1907 antinous
720 1850 825 1905 stolida
846 1852 995 1920 conspicua
1016 1871 1110 1925 arma,
1139 1855 1258 1924 inmpnes

120 1981 210 2033 emme,
233 1963 348 2032 quium
363 1963 517 2018 lumniosos
538 1969 695 2032 appmatus
716 1959 901 2014 conuiuiorum
922 1969 947 2014 et
968 1962 1143 2017 irritamenta
1163 1964 1256 2017 libidi-

119 2089 183 2124 num
204 2079 236 2124 ut
262 2071 469 2125 instrumentum
498 2070 563 2124 belli
589 2077 781 2124 mercarentur.
825 2067 1004 2138 sapientibus
1032 2071 1130 2140 qnietis
1159 2081 1185 2126 ct
1214 2075 1257 2126 rei

117 2179 247 2248 publicae
267 2195 354 2247 cura,·
382 2178 535 2233 leniseimnc
565 2178 678 2247 qnisqne
700 2185 724 2231 et
742 2177 836 2242 futuri
856 2174 1028 2247 improuidus
1047 2197 1097 2248 ape
1117 2196 1193 2234 nana
1214 2189 1255 2234 tn·

118 2302 211 2354 mene;
241 2286 322 2340 multi
341 2287 459 2356 adflicta
478 2288 535 2352 fide
555 2286 586 2338 e'n
601 2302 681 2355 pace,
718 2302 752 2338 ac
773 2284 890 2338 turbatis
910 2285 991 2338 rebne
1019 2287 1129 2342 alacres
1159 2297 1185 2342 et
1204 2307 1256 2358 per

117 2395 224 2449 anaema
244 2394 381 2448 tmisaimi.
424 2387 492 2473 (89)
516 2393 575 2448 Seu
595 2394 690 2462 uolnus
710 2400 736 2447 et
756 2392 946 2460 mupnitndine
966 2393 1054 2446 nimia
1075 2397 1255 2450 summentium

115 2520 249 2558 nmmum
272 2519 367 2573 eumne
383 2503 507 2573 populna
527 2501 627 2556 sanare
650 2499 803 2570 paullatim
825 2499 891 2552 belli
917 2500 995 2554 mala
1009 2505 1067 2554 cet.
1089 2531 1133 2541 -
1177 2499 1254 2559 Iuci.

116 2611 199 2687 piam
230 2626 249 2665 a
277 2604 450 2665 levioribus.
494 2605 596 2686 Atque
627 2605 755 2684 primum
778 2604 942 2675 sententia,
974 2603 1011 2662 de
1040 2624 1100 2684 qua
1122 2625 1170 2666 res
1198 2617 1253 2680 est,

115 2733 239 2796 prorsus
268 2713 421 2794 superflua
453 2721 508 2773 est.
556 2713 674 2771 Dicitur
707 2711 785 2770 enim
816 2710 854 2770 de
875 2729 1005 2790 pavore,
1033 2715 1085 2792 qui
1107 2713 1253 2795 quosdam

116 2824 320 2882 Romanorum
349 2821 536 2899 incessisset,
565 2820 596 2877 in
618 2819 676 2877 fine
698 2819 882 2897 insequentis
912 2821 1095 2903 sententiae,
1127 2831 1157 2882 st
1180 2824 1252 2882 satis

114 2931 175 2990 illic
200 2929 348 2988 distinctis
366 2947 406 2988 ec
429 2926 568 2987 dilucidis
590 2925 707 3000 verbis,
739 2928 782 2984 ita
803 2934 836 2984 nt
861 2926 914 2985 tali
937 2928 1176 3005 praefatiuncula
1198 2933 1252 2990 mi-

115 3038 196 3096 nime
219 3055 295 3114 opus
317 3035 371 3108 sit,
402 3042 492 3093 etex
515 3034 704 3114 omniparte
728 3015 887 3090 sufficiant
912 3034 1022 3092 verba:
1051 3038 1141 3111 igitur
1169 3046 1252 3098 mota

114 3143 196 3204 urbis
227 3161 317 3216 cura,
350 3140 389 3200 ad
413 3159 491 3220 quse
512 3141 602 3200 etiam
626 3137 785 3199 admodum
808 3139 919 3199 inculte
941 3127 1050 3200 adsuta
1072 3153 1128 3207 est.
1172 3145 1249 3204 Tum

114 3253 145 3309 in
168 3248 365 3310 collocatione
399 3246 556 3307 verborum
580 3244 767 3305 offendimus.
812 3244 892 3304 Nam
925 3247 950 3304 si
983 3250 1102 3309 omnino
1132 3270 1250 3311 sensum

114 3357 261 3439 praebent
282 3355 398 3428 verba,
422 3357 465 3415 ita
493 3354 688 3431 intelligenda
710 3360 794 3427 runt,
828 3361 862 3411 ut
882 3367 954 3412 metu
984 3369 1032 3414 ont
1056 3363 1183 3431 periculo
1212 3361 1251 3418 sit

113 3467 177 3527 fere
196 3464 308 3525 dictum
329 3485 400 3544 pro:
423 3473 504 3524 metu
528 3464 661 3544 periculi.
713 3460 776 3522 Sed
802 3460 858 3520 hoe
890 3464 915 3521 si
945 3463 1076 3524 indicare
1107 3467 1251 3527 voluisset

112 3577 241 3654 scriptor
268 3594 328 3633 uon
361 3572 463 3633 dubito
494 3576 566 3654 quin
584 3575 750 3653 posuisset:
779 3570 912 3654 periculo
941 3583 993 3632 aut
1024 3583 1105 3633 metu
1126 3596 1247 3636 vacuus.

111 3682 191 3742 Nam
205 3689 239 3740 ut
261 3681 380 3740 omniuo
402 3687 634 3739 consentaneum
656 3690 709 3754 est,
733 3689 763 3738 et
784 3679 964 3759 praecedere
987 3683 1137 3740 notionem
1159 3701 1248 3759 gene·

112 3790 270 3862 mliorem,
300 3799 331 3849 et
352 3790 503 3848 notionem
527 3791 697 3868 primariam
718 3811 814 3870 prope
836 3813 855 3850 a
876 3789 1048 3870 praedicato
1071 3789 1173 3849 sedem
1196 3790 1248 3849 ha-

108 3897 203 3971 bere,
234 3899 277 3956 ita
306 3898 336 3956 in
369 3897 425 3957 hoc
449 3900 515 3976 ipso
549 3899 721 3977 usurpando
744 3901 898 3960 enuntiato
921 3895 1043 3957 Tacitus
1072 3898 1188 3956 firmem
1212 3918 1247 3955 eo

111 4005 274 4066 stabilitam
308 4003 553 4064 consuetudinem
583 4004 725 4067 ostendit.
779 4007 857 4068 Hist.
879 4007 937 4078 IV,
962 4007 998 4064 2:
1021 4009 1177 4079 pericnlum
1199 4018 1248 4062 aar

110 4126 196 4172 metue
227 4113 291 4186 IV,
324 4113 380 4171 69:
414 4117 538 4185 iratiores
555 4119 681 4188 periculo
703 4136 738 4172 ac
758 4127 831 4173 mun
852 4117 1002 4187 continuit,
1045 4123 1075 4170 et
1109 4113 1245 4173 similiter

184 4327 210 4390 l)
228 4327 298 4376 Aliter
322 4326 444 4376 Muellerus
470 4289 524 4391 pag..
539 4326 600 4380 303.
646 4328 692 4378 Sed
722 4337 770 4378 tum
796 4330 931 4379 vocabulum
956 4327 1053 4378 silentio
1081 4328 1268 4391 ineptissimam·

108 4420 256 4486 tautologiam
275 4421 374 4471 exhibet.
478 4474 480 4477 ,

942 4527 960 4569 θ
