3196 5270
643 312 682 370 69

92 502 151 541 mos
172 501 228 560 pro
260 487 343 541 lusor
366 481 404 542 ab
434 482 544 543 Ursino
566 485 695 563 primum
718 488 821 566 sripto.
866 488 1008 570 Suspicor
1029 500 1138 567 tamen,
1172 513 1231 553 non

94 589 152 650 dici
172 607 281 669 posse:
304 609 368 651 mos
390 609 549 651 concessus
572 601 627 653 est.
673 593 734 654 Sed
758 616 878 677 quoquo
901 599 989 659 modo
1013 619 1060 660 res
1083 619 1116 660 se
1133 600 1231 674 habet,

95 696 134 757 de
164 703 267 756 nostro
296 697 415 775 judicio
450 698 524 758 nibil
553 699 722 779 decerpitur
750 723 841 783 quum
869 705 926 766 sibi
955 710 1068 786 opponi
1090 709 1232 787 Agrippi-

94 823 164 864 nam
188 813 220 865 et
242 805 414 866 sacerdotes
438 806 487 866 hic
510 809 637 868 intorsit.
1228 820 1231 828 '

182 913 264 974 Auo.
286 910 373 995 XIII,
404 917 458 975 14:
482 921 643 992 Aprippioo
663 941 743 978 ruere
764 928 805 979 ad
827 935 957 983 terrorem
982 937 1008 982 et
1029 930 1125 984 misas.
1170 926 1232 984 Vo-

96 1021 237 1081 cabulum
270 1035 359 1082 terror
386 1025 483 1084 activo
518 1044 608 1085 sensu
629 1029 855 1106 percipiendum
880 1028 972 1110 est¹);
1003 1052 1071 1092 nam
1094 1032 1126 1091 id
1148 1053 1232 1112 prae-

97 1129 246 1206 positione
270 1137 310 1188 od
331 1129 488 1206 indicatur,
509 1152 599 1211 quum
623 1136 806 1212 praepositio
828 1141 858 1194 in
879 1139 1029 1215 passivam
1053 1141 1111 1197 vim
1136 1141 1233 1218 expri-

98 1244 169 1316 mat,
210 1245 244 1296 ut
266 1237 345 1300 Anu.
370 1237 395 1311 Ι,
422 1242 454 1300 7ε
492 1252 522 1298 ot
543 1246 649 1300 Romae
670 1265 749 1302 ruere
769 1248 800 1301 irs
820 1250 976 1306 navitatem
998 1251 1120 1306 cmwules
1137 1261 1236 1321 patrea

97 1343 223 1421 cosmi).
259 1347 370 1407 Terror
393 1349 478 1408 minis
501 1349 634 1423 efficitur,
658 1371 736 1430 quae
758 1355 863 1431 quales
885 1354 996 1414 fuerint
1018 1355 1145 1415 subinde
1168 1375 1234 1414 nar-

97 1463 195 1516 retur:
239 1459 366 1514 adaltrute
386 1461 447 1530 jam
475 1479 532 1517 esse
554 1463 769 1534 Brittannicum,
798 1484 893 1520 ueram
922 1467 1090 1536 clipeumque
1119 1467 1234 1538 stirpem

95 1570 274 1640 recipiendo
299 1571 394 1639 patras
422 1571 546 1641 imperio,
583 1574 659 1641 qood
687 1573 785 1628 insitus
815 1584 840 1628 et
861 1576 1010 1645 adoptivus
1034 1594 1088 1646 per
1115 1577 1236 1645 injurios

97 1678 196 1734 matris
218 1687 352 1733 exerceret
373 1681 429 1734 cet.

186 1782 306 1860 Adjicio
318 1791 379 1842 tres
402 1783 484 1841 locos
507 1802 524 1841 e
548 1781 711 1872 Germania
734 1783 997 1863 desumptus.'1‘.l:
1026 1809 1138 1862 corpore
1159 1793 1237 1862 iaso-

97 1913 153 1949 mer
184 1912 267 1950 coeco
292 1912 325 1947 ae
351 1893 460 1964 palude
492 1902 631 1963 merpurrt5
665 1899 745 1950 recte
768 1891 918 1949 Kritzius:
952 1911 1081 1952 coenosa
1113 1895 1233 1972 palude.

100 2001 150 2059 28.
175 2012 318 2073 tamquam
342 2019 396 2072 per
418 2003 490 2055 dano
511 2003 631 2071 pdrriam
659 2003 804 2072 sunpuinia
834 2021 853 2056 u
874 2003 1054 2060 similitudine
1084 2014 1110 2059 et
1130 2006 1233 2060 inertia

99 2112 248 2168 Gallorum
258 2118 434 2182 caperratum
449 2107 479 2164 in
494 2107 601 2164 inertia
611 2107 802 2185 comparebat
811 2107 981 2166 similitudo.
1009 2110 1067 2168 33:
1088 2113 1233 2182 ceroptata

99 2221 179 2275 milia
197 2219 371 2275 obkuotr'oui
391 2219 529 2288 oortliaque
550 2219 712 2288 oeciderunt,
734 2217 753 2273 i.
764 2233 797 2280 e:
822 2214 1013 2276 oblectationi
1030 2217 1182 2276 oculorum
1193 2211 1231 2300 ³).

185 2323 272 2383 Haec
296 2330 373 2396 sunt,
403 2340 480 2401 quae
507 2321 578 2380 mihi
600 2322 781 2399 exponenda
801 2322 981 2382 videbantur
1015 2324 1052 2384 de
1074 2307 1236 2386 coordinass

98 2435 180 2492 tione
214 2432 377 2503 notionum,
418 2448 542 2510 quarum
577 2429 671 2488 altere
708 2430 794 2490 elteri
829 2431 972 2492 inhaeret.
1038 2432 1183 2511 Superest
1203 2445 1237 2493 ut

100 2540 233 2602 breviter
250 2539 431 2618 perlustrent
458 2537 540 2597 locos
564 2538 601 2596 ab
625 2537 691 2596 aliis
714 2537 791 2596 felso
813 2537 870 2597 hoc
893 2546 1027 2601 vocatos.
1072 2539 1174 2619 Atque
1198 2561 1236 2600 ex

99 2649 135 2706 iis
157 2666 234 2727 quos
257 2645 385 2706 Rothius
416 2663 470 2723 per
501 2644 627 2719 figurem
654 2643 858 2724 hendiadyoin
881 2645 977 2704 dictos
1000 2646 1112 2720 habuit,
1145 2669 1237 2728 quum

99 2777 158 2816 non
188 2757 262 2814 setis
296 2763 383 2814 caute
412 2754 523 2832 ubique
554 2754 702 2824 statuerit,
733 2752 814 2812 haud
843 2754 886 2812 ita
915 2757 1002 2832 pauci
1021 2757 1087 2833 jem
1109 2755 1147 2815 ab
1171 2757 1236 2816 aliis

102 2859 455 2938 rectiusexplioatisunt.
497 2857 631 2933 Quorum
641 2859 770 2918 maxims
779 2860 988 2919 memorabiles
1011 2860 1065 2918 hos
1089 2861 1236 2921 adscribo.

99 2973 179 3031 Ann.
202 2967 245 3040 11,
270 2970 303 3028 6:
339 2972 509 3042 ouyedaatur
531 2945 678 3024 alacritate
701 2971 819 3026 militum
840 2972 1013 3042 inspeciem
1036 2991 1070 3026 oo
1091 2982 1237 3044 terrorum

98 3081 146 3138 oui
157 3079 330 3139 locoluoem
347 3075 435 3134 affert
457 3076 531 3151 Agr.
555 3075 615 3134 35:
639 3079 670 3131 ia
689 3079 806 3148 speciem
814 3080 897 3134 omui
918 3097 952 3135 oc
966 3088 1106 3136 terrorem.
1122 3079 1236 3139 -111,

100 3189 155 3247 55:
186 3198 292 3254 nostru
312 3203 418 3258 mque
440 3194 517 3240 udos
538 3187 626 3240 multa
653 3185 748 3239 laudis
770 3194 795 3240 et
827 3187 929 3240 onium
958 3187 1098 3243 r‘mitondo
1115 3192 1237 3261 posteris

96 3301 177 3368 tulit·
200 3295 314 3373 optime
334 3291 484 3351 intellexit
495 3289 627 3350 Orellius
653 3289 691 3350 ad
714 3309 803 3369 quem
827 3289 938 3366 relego.
962 3329 1003 3336 —
1026 3292 1097 3354 ibid.
1119 3306 1149 3351 ut
1163 3299 1236 3368 quir-

172 3543 291 3606 1)Etism
307 3545 390 3614 pudor
407 3545 479 3596 activo
499 3561 568 3595 sensu
588 3545 670 3608 legitur
688 3544 748 3594 ttius.
768 3546 807 3606 ΙΙΙ,
826 3545 875 3595 24:
895 3543 960 3596 ulios
977 3546 1073 3612 pudore
1091 3563 1123 3597 ac
1138 3547 1234 3614 prodis,

97 3634 188 3686 mallos
206 3631 282 3686 laude
300 3643 324 3686 et
340 3636 441 3687 hortata
454 3664 486 3673 -
507 3636 659 3686 corradens.

170 3723 197 3794 Ι)
217 3725 318 3775 Pessime
347 3724 375 3775 od
394 3733 498 3794 nostrum
525 3723 601 3774 locum
619 3725 709 3789 Lipsius
728 3732 750 3774 et
777 3727 888 3776 Gruterus
906 3726 1036 3788 coniecere:
1065 3723 1088 3773 in
1113 3732 1233 3776 terrorem.

97 3821 157 3870 Rene
175 3821 259 3870 tusum
278 3819 392 3887 estquod
410 3832 479 3868 nemo
498 3832 538 3868 eos
557 3817 650 3868 audivit.
679 3817 785 3868 Ceterum
810 3818 932 3868 discrimen
948 3816 1005 3866 illud
1022 3817 1137 3879 quomodo
1154 3824 1233 3866 ustum

97 3914 136 3975 sit,
157 3910 346 3976 lucileerpediss.
382 3911 451 3962 Num:
471 3925 563 3961 movere
581 3926 606 3960 ss
624 3912 653 3960 sd
668 3911 766 3974 aliquem
784 3925 841 3971 rem,
862 3911 987 3974 significat:
1013 3909 1120 3959 accedere
1137 3909 1166 3959 sd
1184 3924 1232 3959 rem

97 4007 127 4056 its
145 4013 172 4055 ut
183 4011 290 4067 tangetur
308 4020 335 4054 es
354 4013 377 4054 et
395 4002 589 4068 apprehendetur;
613 4011 704 4054 contre:
723 4020 749 4054 se
768 4019 858 4054 movere
876 4003 899 4054 in
918 4005 948 4054 sl.
965 4017 1022 4062 rem,
1042 4009 1090 4052 est:
1115 4008 1187 4052 totum
1207 4018 1233 4052 ss

96 4101 119 4149 in
138 4099 166 4149 sl.
186 4113 236 4148 rem
255 4098 346 4148 inferre.
387 4097 424 4147 Sic
442 4098 610 4159 distinguuntur
629 4098 758 4148 enuntiato:
790 4098 908 4161 rossem
926 4096 1034 4148 studium
1051 4095 1086 4144 r'rs
1115 4095 1227 4162 aliquem

95 4210 158 4255 rem,
177 4199 212 4242 et:
231 4191 273 4242 ad
290 4191 324 4242 ul.
343 4209 365 4242 r.
384 4189 422 4258 (ci.
433 4191 582 4253 litgelsbrrcb5
601 4191 677 4241 luteis.
696 4191 798 4251 sulinos,
817 4204 868 4254 pag.
887 4187 959 4257 29³),
983 4187 1112 4238 retollere
1130 4188 1158 4238 s'a
1177 4205 1227 4241 uss-

95 4303 141 4336 rar
159 4294 182 4335 et
200 4285 235 4335 ad
253 4300 333 4336 curor
352 4282 392 4350 (cl.
411 4285 491 4346 ngn.
510 4290 608 4347 qusestt.
627 4284 703 4345 virgil.
721 4298 774 4348 pag.
791 4280 865 4349 ΙΙΙ),
883 4281 972 4331 similis.

169 4373 197 4442 3)
218 4373 347 4435 Muellerus,
366 4373 422 4424 luiso
440 4389 481 4423 sus
500 4373 528 4423 ds
547 4375 618 4436 ligure
637 4372 705 4423 bend.
724 4373 831 4437 opinions
848 4380 985 4432 commotus,
1002 4372 1159 4423 demonstrare
1178 4379 1228 4422 stu-

98 4469 137 4518 det
156 4465 212 4530 (pag
231 4465 305 4533 ³11),
324 4465 433 4516 rocubuls
452 4465 612 4518 oblectationi
631 4474 653 4515 et
671 4464 750 4517 oculis
768 4480 963 4529 essesynonyms3
982 4448 1070 4530 perum⁸
1081 4465 1228 4529 probabiliter
