3196 5270
684 259 725 316 te

133 428 239 482 velhem
261 428 425 494 deformitas
443 429 523 482 houd
538 429 657 498 perinde
678 430 823 486 sectabilis:
844 431 945 486 deterit
963 430 1142 500 scameratam
1163 449 1278 502 campus

134 543 171 588 ct
191 536 259 588 dics.
303 529 505 611 Opponuntur
526 531 583 592 sibi
605 533 717 594 vallum
733 543 763 593 et
778 553 921 614 campus;
943 539 1003 594 dies
1023 553 1095 594 vero
1108 534 1279 594 illustrandi

135 658 242 698 caussa
272 638 494 717 superadditur.
548 639 624 716 Agr.
654 643 711 700 16:
744 662 793 698 nec
820 645 909 700 altem
934 639 965 698 ia
989 645 1119 700 barbarait
1146 646 1280 700 comitiae

132 769 217 820 penus
238 752 328 806 omisit
349 753 407 806 ira
429 761 462 806 ct
483 751 654 806 victoria.
679 781 718 792 -

220 857 263 914 At
286 855 439 916 enimvero
457 857 521 933 jam
544 875 701 916 versamur
722 855 824 916 media
854 859 885 914 in
915 857 1073 918 tractanda
1101 859 1280 937 quaestione

132 981 228 1038 saneg
244 963 411 1035 rarissima,
435 972 579 1042 quaeest
601 961 639 1022 de
655 964 819 1024 enuntiatis
837 982 893 1042 per
906 963 1033 1040 figuram
1056 968 1088 1025 iv
1109 962 1162 1026 διὰ
1186 962 1278 1036 δυοῖν,
1340 967 1347 982 “

132 1089 223 1148 quam
246 1077 375 1144 vocant,
398 1089 417 1128 a
439 1069 546 1129 Tacito
570 1069 669 1129 dictis.

219 1177 294 1236 Post
316 1177 429 1237 editum
443 1177 544 1236 Rotbii
562 1176 710 1258 libellum,
733 1178 784 1256 qui
803 1176 992 1237 inscribitur:
1016 1177 1054 1238 de
1073 1178 1172 1237 Taciti
1188 1197 1278 1256 syno-

131 1287 273 1364 nymiset
285 1284 479 1363 perfiguram
502 1287 532 1344 lv
556 1280 608 1346 διὰ
632 1282 716 1345 δυοῖν
738 1284 826 1344 dictis
849 1283 1182 1364 (Norimberg.1826),
1203 1286 1278 1346 haec

131 1413 180 1454 res
203 1413 222 1452 a
245 1393 346 1452 multis
369 1391 535 1452 editoribus
567 1393 597 1452 iu
627 1411 786 1452 censuram
815 1400 924 1452 vocata
956 1401 1003 1451 est
1034 1391 1278 1454 adnotationibus

131 1502 179 1561 liic
200 1502 260 1560 illic
283 1500 446 1579 dispersis,
470 1499 570 1560 donec
592 1501 735 1560 continua
758 1502 896 1560 oratione
918 1498 956 1560 de
978 1501 1034 1560 hac
1058 1501 1143 1562 latini
1165 1519 1276 1562 sermo-

131 1610 178 1668 nis
199 1609 295 1686 lignra
318 1609 487 1688 disputavit
510 1609 676 1669 Muellerus
694 1607 729 1683 ¹).
790 1608 852 1668 Sed
881 1610 907 1668 si
937 1609 1067 1668 Rotbius
1090 1610 1199 1668 nimius
1221 1610 1278 1670 tuit

132 1751 173 1762 -
197 1717 227 1776 id
251 1717 331 1796 quod
363 1737 422 1777 non
451 1717 517 1777 siue
534 1718 605 1795 jure
639 1715 803 1795 exprobres
828 1749 868 1762 —-
891 1703 1057 1777 Muellerus
1087 1718 1166 1778 hunc
1190 1738 1276 1778 usum

131 1824 252 1884 {licendi
274 1822 382 1883 linibus
403 1823 652 1902 circumscripsit,
676 1823 727 1901 qni
751 1839 843 1901 quum
874 1842 912 1884 ex
939 1825 1007 1902 ipsa
1031 1824 1085 1882 rei
1113 1824 1144 1882 vi
1166 1843 1202 1884 ac
1224 1844 1276 1884 na·

130 1941 199 1990 tura
222 1930 393 2012 deprompti
415 1929 576 2012 nonsibi,
611 1928 742 1989 habendi
765 1927 907 1988 videntur
928 1948 988 1988 non
1012 1929 1069 1988 uisi
1093 1947 1132 1988 ox
1154 1929 1276 1990 arbitrio

130 2035 196 2111 ejus
219 2035 317 2094 exorti
337 2053 372 2092 ac
394 2032 473 2094 falsi.

216 2149 296 2208 Nam
315 2149 385 2226 jure
407 2146 528 2228 quidem
551 2144 709 2207 contendit
725 2148 770 2206 vir
789 2146 894 2208 doctus
915 2147 1001 2216 initio
1017 2149 1277 2208 commentationis

131 2276 219 2335 suae,
241 2256 508 2334 grammaticorum
524 2253 723 2327 definitiones,
747 2254 847 2334 quoad
862 2255 1010 2334 inspicere
1033 2274 1085 2315 eas
1100 2258 1232 2334 potuerit
1240 2253 1276 2330 2),

130 2364 261 2423 infinitae
284 2381 352 2424 esse
384 2371 475 2441 atque
505 2362 614 2420 irritas.
670 2359 717 2419 Ao
746 2368 848 2428 tamen
876 2369 979 2420 rectae
1011 2381 1046 2420 ac
1077 2381 1167 2421 verae
1196 2372 1274 2436 sunt,

130 2492 198 2532 nam
211 2471 400 2532 mussitatis
416 2470 547 2549 speciem
571 2488 644 2548 prae
658 2487 691 2528 se
715 2467 825 2542 ierunt,
848 2470 890 2527 ita
912 2487 961 2528 res
973 2471 1042 2548 ipsa
1056 2487 1136 2547 qnae
1153 2469 1274 2529 delinia-

99 2649 106 2664 ,
128 2589 177 2640 tur
200 2588 247 2640 est
269 2579 354 2659 quasi
376 2577 483 2638 umbra
500 2599 560 2652 par
581 2580 684 2636 lembo
707 2580 795 2634 semis
817 2581 979 2650 eoumque
1002 2579 1146 2636 simillimo
1171 2599 1275 2655 somno,

130 2707 218 2768 qnam
243 2695 277 2746 ut
300 2685 438 2744 manibus
460 2682 710 2764 comprehendas·
723 2683 833 2742 trustra
854 2684 981 2743 coneris.
1028 2684 1173 2746 Provenit
1196 2687 1276 2745 enim

129 2814 168 2854 ex
181 2813 236 2853 usu
251 2791 372 2852 dicendi
388 2791 499 2870 ubique
521 2790 653 2867 gentium
676 2791 881 2863 usitatissimo,
905 2809 943 2849 ex
969 2809 1028 2870 quo
1058 2791 1097 2852 ad
1120 2793 1274 2851 notionem

130 2899 280 2982 quandam
303 2898 419 2959 accedit
442 2898 555 2966 altera,
584 2917 663 2977 quae
686 2899 815 2977 priorem
847 2898 979 2976 explicet
1008 2900 1182 2979 arctiusque
1204 2919 1276 2959 oon·

72 3019 75 3026 '
129 3011 266 3085 strIngat:
312 3006 503 3068 Conveniens
524 3012 626 3065 autem
648 3015 710 3078 est,
734 3005 860 3065 alteram
885 3014 916 3064 et
936 3007 1152 3066 accuratiorem
1178 3007 1274 3066 notio-

129 3138 197 3179 nem
219 3133 438 3195 saepenumero
463 3114 607 3192 majorem
633 3114 722 3172 etiam
756 3113 816 3172 vim
846 3114 999 3192 arripere,
1029 3115 1184 3195 magisque
1214 3115 1276 3174 ani·

130 3245 194 3285 mos
224 3223 388 3302 legentium
419 3221 469 3282 vel
503 3221 690 3281 audientium
726 3238 937 3296 commovere,
970 3241 1064 3300 quare
1090 3221 1171 3282 haud
1204 3241 1273 3281 raro

128 3336 209 3412 prior
231 3331 331 3405 notio,
354 3331 472 3408 ut'jam
496 3349 589 3409 supra
610 3328 757 3406 exemplis
781 3327 1068 3410 demonstravimus,
1103 3331 1165 3389 vim
1187 3347 1273 3392 suam

128 3443 250 3520 proprie
273 3438 430 3518 aequalem
453 3436 563 3517 perdit,
587 3455 684 3516 neque
708 3436 791 3495 valet
813 3435 870 3494 nisi
890 3444 927 3496 ut
949 3437 1115 3496 constituat
1136 3447 1275 3497 naturam

128 3550 271 3622 alterins,
303 3565 381 3627 qnae
406 3546 437 3605 iu
467 3564 503 3605 eo
533 3563 614 3605 nexu
636 3545 668 3604 in
691 3562 750 3624 quo
772 3543 872 3624 posita
894 3551 941 3604 est
969 3545 1034 3605 sine
1064 3545 1117 3605 illa
1147 3547 1275 3623 cogitari

128 3658 242 3736 nequit.
298 3654 376 3713 Nam
405 3652 501 3711 altera
530 3669 650 3729 semper
680 3659 728 3710 est
755 3651 946 3728 generalior,
980 3650 1076 3710 altera
1105 3651 1274 3714 inhaerens.

127 3766 234 3844 Itaque
249 3764 273 3821 si
287 3763 368 3820 viam
391 3758 544 3835 cogitandi
567 3761 669 3819 stricte
692 3760 854 3838 sequimur,
877 3778 939 3819 non
962 3759 1049 3819 aliter
1073 3780 1162 3839 quarn
1185 3779 1275 3820 voca·

128 3873 200 3933 bula
223 3893 322 3929 auram
343 3881 368 3928 et
389 3879 492 3942 patera
513 3887 567 3946 per
589 3868 716 3943 figuram
740 3866 830 3926 hond.
848 3865 928 3926 diota
941 3866 1099 3941 habentur,
1119 3869 1274 3930 enuntiata

357 4030 435 4038 ——-.

1288 4083 1314 4134 iil

203 4124 227 4184 l)
245 4123 355 4184 Philolog.
373 4122 420 4185 Vll,
440 4123 491 4173 297
512 4137 577 4187 seqq.

199 4223 226 4290 2)
244 4224 388 4284 ilruegerns:
412 4223 569 4286 llendisdyoin
587 4221 619 4272 ist
636 4221 782 4284 Vcrbindung
804 4221 888 4272 zwcier
909 4221 1005 4284 Bogrille
1030 4223 1102 4273 durch
1125 4223 1270 4286 liciordnung

125 4323 179 4366 stntt
197 4315 270 4364 durch
289 4313 478 4377 Uuterortlnung;
493 4313 625 4378 Zumptius:
644 4314 717 4364 liend.
735 4314 764 4364 ist
782 4314 820 4363 ein
838 4314 927 4375 Begrill
941 4313 1013 4364 durch
1031 4314 1087 4364 zuei
1104 4330 1149 4365 rou
1162 4317 1271 4366 einander

124 4407 282 4467 unabbeugige
303 4407 394 4455 Wtrter
410 4406 566 4467 ausgetrnctt.

961 4524 981 4580 t
