3196 5270
115 1579 282 1634 Prooemium
331 1617 1092 1634 ..................
1128 1599 1194 1653 pag.
1230 1585 1245 1638 1

120 1670 202 1740 Caput
219 1670 240 1722 1.
284 1669 324 1723 De
341 1669 481 1739 particulis
499 1679 530 1730 er,
547 1688 602 1737 que,
622 1680 696 1738 atque
734 1708 1095 1724 .........
1133 1701 1164 1710 -
1227 1676 1244 1728 4

117 1759 200 1828 Caput
218 1759 253 1812 H.
289 1760 330 1813 De
348 1758 551 1814 coordinatione
567 1759 718 1828 notionum,
736 1776 849 1828 querum
864 1759 951 1814 eltem
962 1759 1040 1813 elteri
1058 1759 1097 1812 in·
1123 1805 1129 1818 .

291 1849 394 1905 haeret.
413 1878 447 1890 -
478 1851 519 1904 De
537 1851 722 1920 implicatione
739 1851 856 1919 quedam
910 1891 1092 1905 .....
1130 1880 1163 1890 -
1214 1853 1248 1905 45

117 1944 203 2013 Caput
220 1943 268 1997 III.
304 1945 345 1998 De
362 1943 513 2014 conjunctis
531 1943 701 2012 notionibus,
726 1961 794 2012 ques
817 1933 917 1998 similia
939 1943 1102 2014 significent.

296 2065 326 2076 -
347 2037 388 2092 De
406 2036 581 2106 responsione
598 2037 784 2092 membrorum
822 2076 1093 2092 .......
1131 2067 1164 2077 -
1213 2041 1248 2094 72

118 2131 205 2200 Caput
221 2131 268 2186 lv.
304 2130 346 2185 De
363 2130 560 2199 compositione
577 2130 790 2200 enuntietornm,
807 2146 876 2199 quse
893 2127 925 2184 fit
940 2147 991 2199 per
1007 2131 1090 2199 perti·

296 2221 369 2277 oulns
389 2233 412 2274 er
430 2251 465 2261 -
483 2233 515 2291 ee,
532 2233 555 2274 er
572 2250 606 2260 -
625 2240 672 2290 que
689 2225 742 2277 oet.
760 2248 793 2259 -
812 2222 853 2276 De
870 2223 1054 2293 polysyndetis
1090 2261 1096 2275 .
1134 2253 1167 2262 -
1215 2226 1250 2279 89
1275 2201 1284 2224 ⁸

122 2317 210 2386 Caput
226 2317 259 2372 V.
295 2317 336 2370 De
354 2315 550 2385 compositione
569 2315 783 2379 enuntiatorum,
814 2332 882 2384 quee
899 2315 930 2370 fit
946 2333 996 2385 per
1010 2315 1093 2386 perti·

298 2412 473 2473 salasensem,
492 2428 595 2478 quoque,
614 2420 644 2462 ee.
664 2437 697 2447 -
716 2409 757 2462 De
774 2409 844 2463 miro
862 2410 959 2464 henim
976 2410 1092 2479 portion·

299 2503 387 2558 ierum
402 2519 451 2557 usu
505 2538 1093 2556 ..............
1136 2531 1170 2541 -
1216 2507 1251 2558 98

123 2598 213 2667 Caput
228 2597 274 2653 VI.
308 2598 349 2651 De
367 2595 513 2652 enuntietis
531 2593 664 2663 negativis
683 2631 1092 2649 ..........
1139 2627 1171 2634 -
1201 2599 1251 2652 1.15

123 2690 212 2760 Caput
231 2689 289 2747 VII.
326 2689 366 2744 De
378 2686 577 2756 enuntiatisper
587 2683 736 2754 particulos
748 2685 1094 2757 edvemetivesoompositis
1140 2717 1174 2728 -
1200 2690 1252 2744 143
