3188 5252
830 339 869 399 78

281 510 340 574 Sed
363 509 517 588 pluraliter
538 515 655 567 tantum
679 509 721 568 sio
743 518 904 588 usurpetur
915 506 947 590 ¹).
991 507 1081 569 (leste
1103 517 1206 568 nostro
1227 509 1294 568 loco
1317 509 1419 588 prims

284 618 365 677 vaiet
388 617 582 694 significatio:
606 615 735 678 deducte
757 617 834 675 enim
858 626 923 677 erat
945 615 1303 696 ooloniaAgiippineaeis
1326 614 1418 676 Anno

282 727 323 786 50
346 733 469 805 optante
492 720 710 806 Agrippina²);
732 725 871 785 celerima
893 727 983 804 igitur
1006 723 1195 785 effloruerat.

369 834 449 894 Ann.
472 829 507 907 ll,
520 835 576 894 69:
609 844 635 891 et
654 838 862 908 reperiebantur
883 839 941 893 sole
962 855 997 892 ae
1013 837 1171 909 parietibus
1205 845 1300 892 erutae
1320 837 1419 890 buma-
1450 813 1452 823 ‚

282 965 380 1002 uorum
401 963 546 1017 carporum
567 946 711 1016 reliquiae,
741 948 867 1001 ommim
894 955 919 1002 et
941 947 1096 1002 devotiones
1124 955 1150 1001 et
1178 963 1276 1002 uoraeu
1300 944 1417 1000 Germa

282 1056 339 1109 aiei
359 1054 493 1124 plumbeis
524 1054 627 1108 tabulis
656 1054 829 1124 insculptum.
867 1055 994 1109 earmiaa
1030 1058 1114 1109 sunt:
1158 1049 1418 1109 Zauberformeln.

282 1158 373 1221 Ovid.
397 1176 481 1218 amor
502 1152 524 1228 l,
561 1159 589 1230 8,
619 1159 653 1217 5:
689 1162 742 1216 illo
773 1180 871 1232 mopas
907 1171 981 1218 artes
1008 1163 1158 1233 Aeaeaque
1187 1161 1313 1217 earmina
1335 1161 1418 1216 uouit.

282 1265 352 1325 Tib.
373 1267 398 1338 Ι,
421 1267 450 1348 2,
465 1267 529 1326 43:
551 1271 623 1324 baria
645 1287 692 1339 epo
714 1271 792 1325 eaelo
813 1272 954 1325 dueeatera
975 1270 1071 1324 sidera
1090 1269 1159 1341 uidi,
1188 1269 1328 1324 Flrrmiais
1350 1269 1420 1323 base

281 1378 381 1449 rapidi
401 1377 523 1432 earmirre
543 1377 625 1432 uertit
645 1377 704 1432 iter.
727 1372 766 1432 of.
789 1373 881 1452 Prop.
906 1368 928 1440 l.
952 1379 980 1451 1,
1006 1374 1063 1432 24:
1100 1379 1239 1449 deuouere,
1262 1380 1296 1432 at
1318 1371 1419 1450 expri-

281 1482 336 1540 mit
357 1481 424 1559 ipss
446 1480 531 1541 verbi
556 1481 743 1558 compositio,
782 1480 931 1556 signifieat
951 1481 1130 1560 praecipue:
1166 1480 1273 1540 inieris
1305 1477 1420 1559 aliquid

282 1608 411 1667 sacrare,
439 1588 541 1668 itaque
570 1587 746 1666 saepissime
779 1590 917 1664 congruit
948 1608 1015 1648 oum
1043 1596 1158 1647 nostro:
1194 1586 1419 1659 verwttneohen‚

281 1706 316 1757 ut
338 1696 413 1754 Hor.
437 1714 529 1754 earm.
551 1690 601 1769 ΙΙΙ,
636 1699 665 1766 d,
695 1697 753 1756 27:
782 1703 883 1756 deuota
903 1719 959 1756 aaa
980 1701 1107 1756 eastiaait
1129 1702 1221 1777 arbos,
1257 1704 1287 1756 et
1308 1694 1420 1754 tralato

283 1823 376 1865 sensu
396 1802 581 1883 lepidissime
611 1802 678 1862 Tib.
714 1798 736 1876 Ι,
760 1805 789 1874 5,
813 1805 872 1864 43:
905 1809 982 1864 Tuae
1002 1826 1044 1864 me
1066 1809 1210 1864 discederes
1230 1811 1358 1862 deuotum
1375 1810 1420 1875 fe·

281 1917 358 1972 miae
379 1915 458 1986 diait,
488 1915 528 1969 Et
552 1917 641 1985 pudet
672 1924 697 1970 et
726 1924 828 1970 uarrat
858 1916 929 1971 seire
955 1917 1083 1983 oesaaela
1103 1933 1199 1971 meam.
1251 1916 1324 1978 ‚Noa
1342 1915 1418 1983 feeit

282 2024 331 2079 boe
352 2023 449 2092 raba,
480 2022 557 2090 faeie
578 2022 729 2092 tenerisque
751 2023 870 2091 lacertis,
893 2025 1016 2078 Deuouet
1046 2031 1071 2076 et
1087 2005 1174 2093 flavis
1202 2031 1298 2078 uestra
1317 2023 1419 2093 puella

281 2131 372 2186 romb.
418 2123 646 2188 substantivum
680 2130 789 2184 deuotio
822 2135 966 2204 quantum
1005 2145 1062 2203 ego
1084 2126 1204 2205 quidem
1229 2127 1299 2200 soio,
1337 2125 1420 2206 apud

282 2234 443 2313 scriptores
466 2251 576 2292 aureae
597 2233 703 2292 aetatis
727 2231 785 2292 alio
809 2251 928 2312 semper
949 2252 1039 2294 sensu
1062 2233 1180 2294 obviam
1204 2243 1259 2294 est.
1302 2233 1365 2295 Sed
1387 2242 1422 2293 ut

290 2349 377 2421 petet
408 2361 446 2400 ex
475 2341 621 2419 exemplis
650 2339 883 2400 aBoettiohoro
912 2342 942 2400 iu
979 2343 1092 2402 Lexioo
1123 2342 1249 2402 Tasiteo
1287 2342 1420 2402 eolleotis

289 2449 414 2508 Tacitus
430 2447 483 2506 tali
505 2448 537 2506 vi
557 2446 588 2506 id
611 2455 746 2526 usurpat,
769 2448 886 2527 qualem
909 2448 1032 2510 verbum
1057 2448 1188 2511 exhibet.
1233 2450 1335 2510 Etiam
1358 2473 1421 2509 ear·
1523 2474 1526 2482 ·

281 2579 342 2616 mea
365 2576 402 2615 aa
425 2576 515 2636 quam
539 2555 601 2614 dixi
624 2555 841 2630 significatione
865 2555 997 2630 adhibet,
1022 2551 1420 2630 et.Ann.11,228:ua-

275 2673 379 2737 seruas
399 2667 512 2721 umbras
533 2666 701 2720 eumiaibue
721 2665 834 2721 eliceret.
881 2663 1014 2723 Proinde
1037 2673 1067 2723 et
1089 2673 1191 2724 nostro
1214 2664 1281 2724 looo
1303 2665 1347 2722 ita
1360 2664 1420 2724 dis·

282 2769 500 2830 criminandum
523 2771 588 2831 erit.
633 2764 844 2845 intelliguntur
866 2748 997 2832 carmine
1019 2791 1068 2832 ex.
1094 2792 1137 2851 gr.
1163 2793 1208 2854 ea,
1244 2772 1351 2852 quibua
1374 2792 1420 2832 sa-

181 2947 183 2956 y
281 2877 392 2938 orificio
426 2878 477 2937 vel
507 2885 579 2936 vote
613 2876 653 2936 sd
684 2877 918 2938 incolumitatem
950 2877 1120 2940 Germanioi
1149 2886 1329 2959 nuncupata,
1369 2878 1420 2940 vol

280 2985 414 3046 remedia
436 2985 544 3066 quibua
566 2985 605 3045 ed
629 2984 846 3046 sublevandum
870 2987 1006 3046 morbum
1031 2987 1179 3062 utebatur,
1202 2988 1288 3062 irrita
1309 2986 1417 3048 redde·

281 3103 393 3171 rentur,
416 3094 467 3152 vel
489 3093 637 3171 ejusmodi
660 3094 731 3153 alia.
1174 3088 1178 3098 “

366 3204 446 3262 Διιιι.
468 3196 520 3276 Vl,
543 3204 600 3262 38:
623 3215 704 3262 eruat
725 3208 878 3278 (biberius)
899 3209 1051 3278 Phraaten,
1073 3209 1244 3280 aceiaeitque
1266 3217 1419 3280 palernum

280 3315 321 3367 ael
341 3314 494 3384 fastipirua,
526 3314 667 3368 muhata
687 3315 813 3385 retineas,
837 3316 959 3371 eousiliis
998 3324 1024 3370 et
1053 3325 1116 3370 astu
1142 3334 1187 3371 res
1214 3290 1349 3371 eateraas
1362 3334 1419 3372 mu-

273 3394 335 3492 lin}
363 3439 445 3476 meaa
471 3422 573 3492 presul
603 3423 709 3477 babere.
743 3423 877 3478 coasilia:
909 3418 1088 3495 bediishtige
1110 3419 1215 3478 Plane.
1260 3418 1339 3478 Anu.
1362 3414 1418 3492 Xl,

281 3525 337 3583 26:
360 3527 513 3584 insontibus
533 3529 649 3599 iaaouia
667 3529 792 3601 usualia,
815 3530 937 3601 slep-ilios
957 3530 1115 3600 manifestis
1136 3530 1289 3585 ududium
1310 3527 1345 3584 ab
1368 3547 1419 3584 au-

279 3635 365 3690 dacia
382 3637 540 3706 petendam.
584 3632 636 3692 Sio
665 3642 737 3712 epte
771 3632 849 3693 bello
873 3643 1065 3713 opponuntur
1089 3654 1155 3694 eam
1177 3635 1291 3712 impetu
1312 3641 1417 3710 gesto:

278 3741 360 3799 Anu.
384 3735 466 3814 XIII,
501 3742 535 3800 6:
562 3745 700 3816 pleraque
728 3745 758 3798 iu
789 3764 896 3800 summa
924 3749 1040 3814 fortuna
1070 3745 1204 3817 auspiciis
1230 3755 1256 3800 et
1287 3745 1416 3816 omeliis,

279 3869 363 3923 quara
383 3852 445 3906 telis
466 3860 492 3907 et
512 3853 639 3908 manuus
659 3854 721 3924 peri
740 3844 810 3932 (das
832 3850 942 3910 Meiste
964 3853 1064 3910 werde
1086 3851 1117 3909 in
1141 3849 1195 3910 der
1218 3849 1356 3925 Stelluag
1378 3851 1417 3909 ei·

278 3975 331 4016 neo
353 3956 480 4016 Keieere
503 3956 563 4016 viel
585 3956 670 4016 mehr
694 3957 786 4017 duroh
809 3957 952 4033 gbttliohe
974 3958 1205 4038 Begttnstigung
1227 3957 1288 4016 und
1310 3956 1417 4016 beson-

278 4084 358 4123 nene
382 4063 604 4142 Ueberlegung‚
627 4066 672 4125 als
696 4065 789 4126 durch
802 4067 1076 4142 Kriegegesohosse
1098 4066 1159 4126 und
1181 4063 1416 4126 blindesDrein·

352 4196 379 4259 1)
395 4199 452 4248 Nem
460 4197 586 4262 quodnisi
605 4197 623 4259 1,
638 4195 668 4246 12
682 4196 706 4245 in
718 4196 834 4246 nonnullis
848 4195 987 4246 editionibus
1003 4196 1086 4260 iegitur
1106 4196 1190 4248 eodem
1206 4204 1283 4247 ausu
1302 4195 1416 4256 invisior,

279 4288 389 4353 seriptum
408 4297 443 4340 est
460 4306 488 4340 ex
505 4293 634 4354 oonjsorurs
653 4291 683 4340 ed
702 4286 795 4340 modum
813 4289 882 4340 dubio
901 4289 971 4340 Lootii
986 4297 1009 4338 et
1021 4289 1122 4340 Acidalii.
1158 4289 1286 4354 hmbigitur
1301 4287 1351 4374 liv.
1372 4287 1415 4350 27,

280 4381 323 4445 26,
344 4382 385 4444 14,
404 4382 443 4432 ubi
459 4382 509 4432 vide
527 4384 655 4434 Weissenb.

336 4474 367 4545 2)
385 4477 414 4526 oi.
431 4477 491 4526 han.
509 4476 558 4526 xil.
576 4475 618 4526 27.
