3194 5230
910 293 972 352 120

376 482 417 524 ex
437 463 579 524 universa
598 463 704 524 horum
726 464 905 542 scriptorum
926 461 1101 522 diversitate
1127 459 1216 520 facile
1243 459 1309 540 quis
1330 457 1505 518 concludere

375 570 481 650 possit.
526 569 682 646 Quaeres
703 569 872 642 abstineat,
895 588 934 629 nc
956 589 996 629 sx
1017 567 1145 641 talibus,
1177 586 1253 648 quas
1274 565 1365 626 modo
1387 565 1505 637 institui,

376 675 650 750 observationibus,
682 685 797 736 temere
819 694 854 735 ac
874 675 962 734 nimis
982 674 1112 734 fidenter
1133 673 1316 734 deducamus
1337 672 1458 749 regulas
1478 674 1505 732 in

374 783 547 844 uuiversum
567 783 719 844 valituras.
762 782 934 843 Praestabit
954 783 1054 843 redire
1074 781 1114 842 ad
1135 783 1315 842 senteutiam
1338 800 1430 860 supra
1446 782 1504 858 jam

375 889 537 970 prolatam:
559 892 660 951 multis
681 891 732 950 vel
753 890 889 970 plurimis
912 891 986 949 locis
1007 892 1184 969 scriptorem
1208 908 1330 949 numero
1352 887 1504 948 verborum

377 997 550 1060 obsecutum
571 999 621 1059 vel
642 1021 692 1058 aec
713 999 872 1074 velaeque
903 1000 935 1058 in
957 1019 1044 1060 usum
1065 1017 1199 1059 vocasse.
1257 996 1361 1078 Atque
1393 996 1432 1057 ad
1462 997 1504 1056 fir·

375 1107 516 1167 mandam
538 1107 621 1167 illam
641 1128 735 1168 unum
758 1107 856 1169 adbuc
878 1107 988 1184 adjicio
1011 1107 1197 1187 exemplum:
1219 1106 1301 1168 Anu.
1322 1103 1345 1180 l,
1372 1109 1427 1168 31:
1457 1130 1505 1167 aon

375 1237 446 1274 rmus
466 1220 535 1275 how
555 1229 586 1275 ut
607 1220 787 1276 Pannonicus
808 1221 879 1276 tester
900 1221 1019 1291 aeone
1039 1220 1222 1291 Percennius,
1241 1238 1305 1275 aec
1326 1221 1407 1290 opud
1427 1219 1502 1290 trepi-

376 1328 431 1382 dae
450 1327 568 1382 meldam
589 1344 671 1382 aurea
692 1357 734 1368 --
754 1329 805 1383 sed
821 1328 909 1382 multo
928 1327 1072 1383 aedbbna'e
1092 1346 1145 1383 era
1163 1345 1301 1397 serapte
1353 1320 1503 1381 Praecedit

375 1453 437 1507 noa,
459 1439 490 1491 et
511 1433 645 1511 poscitur
663 1433 749 1510 justa
770 1433 941 1510 conjunctio
962 1433 1042 1492 inter
1065 1431 1140 1491 duas
1163 1431 1338 1491 sententias.
1394 1431 1501 1489 Temen

374 1561 423 1600 uec
443 1542 574 1619 positum
595 1548 643 1600 est
664 1541 782 1600 numeri
800 1542 914 1622 gratia,
950 1540 1031 1621 quod
1053 1541 1273 1620 persentisces,
1307 1541 1339 1599 si‘
1356 1539 1422 1598 loco
1445 1539 1501 1616 ejus

375 1669 462 1722 aeque
482 1646 670 1707 substituetis
681 1644 717 1729 ¹).

461 1754 518 1812 His
540 1753 578 1814 de
601 1753 776 1815 diversitate
797 1753 1010 1835 particularum
1045 1777 1094 1814 nec
1123 1763 1154 1816 et
1174 1774 1261 1831 nepae
1282 1755 1430 1834 expositis
1446 1755 1500 1830 jam

375 1858 496 1922 adsim
519 1880 621 1923 aarum
643 1869 734 1946 atque
756 1863 1002 1940 significationem
1035 1864 1124 1923 altius
1154 1862 1404 1924 considerandam
1430 1880 1502 1922 acce·

375 1965 491 2028 damus.

460 2075 600 2152 Pergitnr
620 2077 651 2137 in
681 2078 853 2138 narratione
878 2077 918 2137 ad
946 2097 1027 2138 nova
1056 2080 1229 2158 saepissime
1264 2098 1319 2158 per
1352 2076 1503 2160 particulas

362 2202 425 2246 ,ceo
446 2188 477 2241 et
497 2203 582 2260 nemra
603 2182 647 2242 ita
668 2191 702 2244 ut
723 2175 943 2262 conjungentur
965 2205 1032 2246 cum
1053 2185 1208 2248 vocabulis
1220 2191 1318 2274 mutar,
1342 2192 1431 2248 antem
1443 2193 1503 2256 cet,
1544 2185 1547 2191 '

450 2463 482 2534 1)
498 2466 570 2525 Qnarn
589 2471 654 2516 caute
671 2479 761 2531 semper
780 2466 894 2530 agendum
911 2467 981 2518 sitin
998 2468 1165 2519 constituendis
1192 2469 1276 2532 regulis
1295 2470 1323 2520 de
1346 2487 1390 2521 usn
1410 2468 1500 2535 quodam

378 2556 505 2622 scriptoris,
523 2556 547 2606 id
565 2555 608 2608 bue
624 2557 700 2608 oblata
717 2556 836 2608 occasune
860 2556 909 2607 aliis
933 2558 1068 2622 quibusdam
1094 2558 1201 2623 exemplis
1226 2560 1321 2625 iusuper
1341 2560 1500 2611 demonstrabo.

377 2652 488 2704 Particula
507 2667 565 2716 erpo
583 2651 607 2701 iu
625 2649 727 2714 Agricola
743 2651 857 2701 iuvenitur
874 2666 920 2702 une
938 2666 987 2715 cap.
1006 2651 1056 2712 33,
1074 2660 1109 2704 tar
1125 2653 1149 2703 in
1167 2653 1286 2706 Germanis
1313 2654 1373 2721 (19.
1391 2653 1432 2705 22.
1450 2649 1499 2718 45),

378 2757 426 2793 nou
451 2742 475 2792 in
498 2740 610 2802 mortis,
641 2748 720 2791 eontra
741 2740 974 2806 undetrigintialocis
993 2727 1172 2804 iuuenalibus,
1202 2743 1241 2808 qui
1269 2745 1298 2794 ad
1315 2745 1420 2808 singulus
1437 2743 1499 2792 libros

378 2836 423 2886 hoc
440 2835 497 2885 miro
515 2834 583 2888 modo
602 2835 777 2888 distribuuntur:
803 2836 843 2886 lib.
861 2836 890 2898 ll,
909 2836 935 2899 V,
953 2836 1008 2886 llll:
1035 2838 1098 2888 nullo
1115 2837 1181 2901 loco;
1206 2837 1300 2900 1v‚xr‚
1320 2839 1387 2891 lllll:
1415 2833 1500 2898 singulis

377 2929 432 2980 locis
450 2927 499 2996 (ll,
519 2927 561 2980 31.
579 2929 618 2990 ΙΙ,
638 2927 681 2980 33.
698 2929 758 2991 ΧΠΙ,
777 2926 839 2996 61);
857 2928 895 2979 lib.
914 2929 933 2991 Ι,
951 2929 988 2990 Vl,
1005 2929 1068 2980 XVI:
1087 2929 1146 2980 binis
1164 2929 1221 2980 locis
1239 2927 1271 2998 (l,
1292 2929 1335 2982 26.
1350 2931 1392 2982 58.
1410 2915 1444 2990 ΙΙ,
1464 2927 1501 2977 14.

377 3022 420 3074 ιι.
439 3023 497 3084 ιιι,
518 3021 558 3074 ιι.
579 3021 632 3087 18).
649 3022 687 3073 n.
706 3022 745 3084 ιιι,
763 3023 835 3073 nnus
853 3022 869 3073 ι.
889 3019 946 3090 (ιι.
966 3021 1007 3074 ιι,
1027 3021 1088 3091 54);
1115 3024 1153 3074 ιιι.
1171 3024 1229 3086 ιιι,
1247 3024 1349 3090 quinque
1368 3026 1383 3076 ι.
1406 3008 1451 3092 (ιζ
1463 3021 1499 3071 ιι.

377 3117 420 3177 11,
438 3115 481 3166 22.
500 3113 561 3183 62);
579 3114 620 3165 sed
638 3115 678 3167 lib.
696 3116 735 3167 XV
754 3115 873 3166 duodecim
891 3116 947 3166 locis
964 3114 1021 3183 (20.
1041 3115 1146 3168 2833.
1166 3116 1208 3168 34.
1230 3116 1273 3168 36.
1283 3118 1327 3172 44.
1348 3118 1391 3170 to.
1410 3117 1449 3167 50.
1463 3113 1500 3164 61.

378 3208 419 3266 56.
439 3207 482 3260 61.
501 3204 557 3275 66).
593 3209 622 3259 tt
639 3207 689 3272 quis
708 3209 807 3272 putabit,
825 3209 882 3259 haec
898 3209 1002 3259 consulto
1025 3225 1038 3260 a
1057 3209 1136 3260 Tacito
1160 3211 1217 3260 iactu
1237 3207 1311 3262 esse?
1348 3210 1413 3262 tund
1430 3221 1500 3259 erem·

376 3303 439 3368 plum
457 3302 580 3366 praebeant
597 3300 665 3350 rerba
679 3300 784 3352 morendi
808 3301 894 3366 aliquid
912 3301 940 3350 ab
959 3301 1034 3365 aliqua
1055 3316 1090 3363 re,
1108 3317 1167 3366 quae
1191 3317 1203 3352 a
1223 3302 1275 3355 Tae.
1292 3319 1345 3355 cum
1362 3317 1426 3354 mero
1443 3299 1500 3350 ohla-

376 3395 422 3447 tivo
442 3397 622 3460 conjunguntur,
654 3395 768 3457 exceptis:
798 3393 920 3446 abscedere
936 3391 1008 3460 (Anu.
1028 3394 1046 3454 Ι,
1067 3394 1091 3445 Ι.
1119 3395 1165 3454 ΙΙΙ,
1186 3395 1209 3446 5.
1227 3395 1283 3459 llll,
1301 3393 1360 3462 48),
1395 3391 1500 3444 discedere

378 3487 446 3556 (illst.
463 3488 492 3550 ll,
509 3487 565 3556 38),
583 3487 694 3538 abducere
712 3483 780 3552 (illst.
799 3487 827 3549 ΙΙ,
846 3485 908 3555 28);
939 3487 1055 3540 retrahere
1074 3486 1144 3554 (tm.
1163 3487 1206 3550 ΙΙΙ,
1225 3487 1281 3553 28),
1299 3489 1383 3540 reverti
1402 3486 1467 3555 (Hist.
1483 3482 1499 3541 b

379 3579 433 3649 ll),
454 3580 482 3632 ad
501 3596 567 3646 quem
587 3581 744 3645 explicandum
761 3595 827 3632 usum
844 3581 905 3630 nulla
923 3587 999 3644 potest
1017 3580 1092 3630 alieni
1107 3583 1168 3644 justa
1186 3569 1278 3645 causse3
1311 3583 1368 3634 nihil
1387 3581 1444 3631 euim
1461 3577 1498 3626 ob·

377 3677 458 3738 stabat,
477 3674 597 3740 quominus
616 3675 729 3726 diceretur
747 3674 828 3725 etiam:
848 3674 958 3725 deducere
975 3673 1011 3723 vel
1029 3674 1149 3724 detrahere
1174 3674 1203 3724 ab
1222 3675 1296 3739 aliqua
1312 3691 1347 3726 re.
1391 3673 1463 3736 ltaque
1478 3664 1499 3715 id

378 3771 438 3819 torte
456 3769 538 3820 tactum
557 3783 608 3818 esse
627 3774 758 3818 statuemus.
795 3767 877 3817 Poetae
895 3781 984 3832 quoque
1002 3767 1045 3816 hnc
1060 3765 1084 3816 in
1101 3781 1128 3816 re
1146 3782 1213 3817 suum
1230 3766 1325 3832 quisque
1335 3766 1448 3818 arbitrium
1465 3774 1498 3809 se-

378 3871 486 3929 quuntur.
522 3861 580 3912 Olim
595 3861 742 3926 perlustranti
760 3860 814 3910 mihi
832 3859 927 3921 Tibulli,
947 3875 1005 3925 quae
1022 3861 1127 3910 feruntur
1144 3861 1257 3921 carmina,
1289 3862 1390 3912 venitin
1408 3861 1498 3908 mentem

379 3957 487 4008 adnotare
506 3955 581 4006 omniu
598 3955 667 4005 verbu
683 3955 788 4004 movendi
805 3968 863 4020 quae
882 3969 933 4004 eum
952 3953 1048 4004 ablativo
1067 3953 1095 4003 ab
1114 3969 1141 4004 eo
1159 3957 1356 4018 conjungerentur.
1397 3947 1497 4002 Adscribe

380 4067 405 4103 aa
425 4050 494 4102 animi
511 4061 604 4101 caussa:
631 4063 768 4111 consurgere
795 4045 841 4113 (ll,
862 4047 885 4110 1,
906 4048 959 4111 14),
978 4047 1088 4098 deducere
1107 4048 1142 4110 (Ι,
1162 4047 1187 4108 3,
1207 4047 1264 4112 86),
1293 4037 1497 4110 defluere(111.4‚

381 4144 434 4212 81),
454 4144 572 4195 detrahere
592 4143 621 4205 (Ι,
641 4142 665 4205 5,
685 4141 741 4207 32),
759 4142 869 4192 devocare
886 4143 915 4204 (Ι,
935 4140 960 4204 2,
978 4138 1032 4208 46),
1051 4142 1131 4191 efferre
1147 4139 1198 4211 (tv,
1220 4143 1242 4204 1,
1265 4139 1341 4210 123),
1368 4143 1436 4192 fluere
1452 4133 1497 4196 (ΙΙΙ,

379 4238 404 4299 4,
425 4235 480 4305 21),
500 4239 579 4287 elicere
597 4231 625 4302 (l,
644 4236 669 4299 2,
689 4233 746 4303 46),
765 4236 854 4286 mittere
871 4233 904 4303 (Ι,
923 4233 948 4295 3,
967 4234 1003 4301 9),
1021 4243 1124 4299 repetere
1141 4233 1174 4303 (l,
1193 4235 1224 4302 3,
1244 4235 1300 4305 39),
1319 4237 1402 4287 stillare
1417 4229 1456 4294 (Ι,
1475 4223 1496 4283 7,

381 4328 433 4399 61).
469 4331 547 4381 Solum
565 4330 659 4381 verbum
678 4329 802 4380 abducere
819 4327 1010 4392 praepositionem
1028 4328 1061 4378 al
1079 4342 1156 4379 secum
1174 4328 1244 4380 hahet
1261 4327 1303 4398 (ll,
1324 4329 1348 4391 3,
1367 4324 1410 4396 61)
1434 4330 1497 4384 eaque

381 4426 409 4479 in
425 4439 451 4477 re
469 4424 572 4476 Tibullus
590 4438 641 4474 cnm
659 4422 736 4475 Tacito
755 4421 858 4475 conciuit
