3196 5270
690 283 729 342 31

128 477 213 534 nepot·
233 459 457 516 maurentino.
501 455 543 514 Et
558 452 722 514 acerbaeic
738 453 872 514 exoritur
886 453 1041 514 cavillatio
1056 454 1137 514 Hiot.
1155 453 1195 528 Π,
1212 453 1269 513 71:

129 579 261 642 adaeque
283 571 395 641 nuuper
421 569 529 625 Vitellio
549 568 658 638 pratiue
678 569 871 624 coruuetudt'ne
891 568 1011 639 neritii,
1033 584 1123 644 quam
1144 583 1268 644 persen·

128 671 235 751 decer,
259 671 285 730 ei
301 691 337 731 ea
355 689 432 751 quae
447 668 635 749 praecedunt
648 669 826 748 inspexeris.
837 703 881 714 -
902 669 1008 729 Tertia
1023 667 1138 749 species
1158 670 1270 748 optime

21 795 22 808 ¹
129 777 301 838 declaratur
322 779 412 854 locie,
435 778 543 859 quibus
566 778 787 855 conjunguntur
809 778 945 837 notiones
968 778 1143 836 contrariae.
1195 776 1269 837 Sub·

43 935 46 942 .
127 896 173 946 est
196 887 274 946 enim
305 887 458 946 concilium
493 883 698 946 conformandi
729 904 817 943 unam
841 886 992 945 notionem
1013 885 1198 962 generalem,
1220 906 1269 945 ou·

121 994 175 1072 jue
198 995 302 1074 quiin
323 1005 482 1075 utrumque
503 1002 621 1074 partem
643 993 702 1052 eint
722 991 797 1052 fines
821 995 947 1054 extremi
970 994 1016 1053 hie
1040 993 1147 1054 duobis
1169 994 1269 1054 verbis

127 1102 299 1165 denotetur,
363 1103 446 1162 Hiet.
469 1102 510 1176 II,
535 1105 570 1161 2:
598 1123 653 1177 per
679 1105 825 1176 indipenue
847 1109 1028 1178 advenasque.
1084 1100 1185 1163 Germ.
1209 1103 1269 1164 34:

126 1211 279 1280 majorino
299 1211 500 1282 minoribusque
520 1211 629 1266 Μία
684 1206 758 1283 Agr.
781 1210 816 1265 1:
838 1212 940 1283 parere
968 1211 1127 1294 nepoteque
1153 1211 1270 1266 civitati·

126 1322 183 1376 buu
230 1315 308 1377 Ano.
330 1315 354 1397 l,
376 1316 434 1375 52:
457 1321 566 1376 laetitio
587 1337 708 1390 curaque
729 1315 797 1375 alia.
1172 1299 1178 1311 ⁹

214 1423 277 1484 Sed
297 1423 372 1485 haec
395 1427 493 1485 omnia
522 1433 583 1485 tum
615 1424 752 1509 vulgaria
781 1430 867 1496 eunt,
900 1432 933 1482 ut
968 1423 1136 1504 copiosiore
1165 1422 1203 1482 de
1233 1424 1268 1482 iic

128 1511 334 1614 disputatione
357 1533 554 1614 supersedere
576 1534 697 1612 poesim.
744 1531 845 1593 Unum
868 1539 984 1592 tentum
1005 1531 1182 1593 addiderim.
1219 1532 1269 1592 In·

128 1643 250 1701 venitur
273 1642 355 1721 apud
378 1642 416 1702 Τ.
447 1643 559 1722 peeeim
592 1641 723 1701 inversio
754 1640 806 1700 illa
838 1641 1009 1723 notionum,
1042 1661 1130 1721 quam
1162 1650 1271 1702 vocant

126 1745 246 1836 ὕστερον
275 1747 418 1832 πρότερον
449 1751 648 1830 grammatici,
682 1757 772 1830 atque
802 1751 907 1809 mirum
943 1749 1023 1831 quod
1053 1751 1117 1811 fere
1151 1769 1270 1830 eemper

125 1880 179 1940 per
209 1859 389 1941 perticulam
423 1881 475 1936 que
503 1859 678 1919 instituitur.
730 1858 810 1916 Hiet.
841 1857 869 1928 1,
901 1859 961 1918 51:
997 1863 1081 1918 initia
1110 1881 1269 1938 canemque,

127 1969 207 2050 quod
231 1968 329 2029 adhuc
351 1969 461 2049 legitur
485 1969 564 2029 Hiet.
586 1968 627 2050 Π,
653 1969 681 2026 1.
702 1966 756 2040 IV,
780 1969 832 2028 48.
855 1966 934 2029 Ann.
957 1968 1013 2042 IV,
1036 1973 1073 2046 13
1106 1969 1161 2030 eod
1190 1969 1270 2030 Hist.

125 2078 165 2152 ll,
189 2078 251 2138 52:
275 2100 388 2138 cauemn
409 2091 445 2138 et
464 2081 580 2137 initium.
624 2078 706 2138 Hier.
734 2077 792 2152 111,
818 2077 868 2138 37:
897 2098 1016 2138 errorem
1043 2081 1269 2154 inprudentiam·

18 2243 19 2272 ,
126 2209 176 2262 oue
197 2191 362 2248 mucium
383 2192 533 2262 cubpum
576 2186 614 2261 V,
639 2188 676 2246 4:
699 2207 818 2247 errorem
836 2189 963 2262 eitimoree
983 2191 1155 2262 demekrom
1178 2189 1215 2264 V,
1235 2191 1268 2250 6:
1289 2168 1295 2176 ’
1349 2163 1352 2172 I

18 2299 19 2302 ’
123 2303 197 2366 idem
218 2318 326 2356 omnem
346 2301 500 2357 Jordanem
524 2299 575 2356 alit
589 2300 744 2371 flenteque
757 2293 796 2376 ¹).

213 2426 242 2485 2.
284 2423 319 2483 In
341 2443 399 2484 nan
421 2423 613 2484 adversative
638 2423 762 2484 voculae
784 2433 810 2483 et
832 2442 866 2482 nc
888 2444 940 2498 pree
961 2439 1020 2482 non
1042 2422 1169 2482 multum
1191 2423 1268 2483 inter

127 2553 159 2594 ee
182 2531 334 2593 differunt.
379 2531 411 2593 Si
433 2531 590 2612 praecedit
613 2533 762 2593 sententia
785 2532 926 2609 negative
955 2550 1032 2612 quae
1067 2529 1176 2591 deinde
1210 2531 1268 2591 ulia

127 2640 276 2700 sententie
298 2638 474 2700 affirmative
496 2641 700 2715 continuatur,
722 2639 871 2720 particula
894 2639 1064 2719 copulative
1086 2640 1190 2721 utique
1203 2640 1266 2700 vnl-

126 2750 205 2827 gnrie
228 2757 285 2808 eet.
328 2749 479 2828 Exempla
501 2756 571 2808 eunt
591 2748 673 2808 Hiet.
696 2747 723 2822 I,
747 2747 776 2810 ὅ.
806 2746 886 2808 Anu.
908 2746 967 2828 XI,
990 2749 1040 2808 38.
1069 2746 1142 2820 XII,
1167 2747 1206 2807 25
1229 2747 1268 2808 nl.

126 2857 314 2938 Frequenter
337 2859 426 2917 etiam
450 2857 586 2916 notiones
609 2856 776 2923 contrariae
797 2857 1029 2936 conjunguntur:
1052 2855 1133 2916 Hiet.
1155 2856 1196 2931 11,
1213 2859 1267 2918 69:

127 2969 264 3025 exitiabile
291 2969 324 3023 id
350 2968 520 3042 reipublicae
549 2965 689 3040 iope-etum
721 2968 819 3038 militi,
859 2968 905 3022 cui
942 2969 1038 3023 eadem
1069 2968 1165 3024 mentia
1197 2968 1269 3024 iuter

124 3096 229 3150 paueoe
247 3077 427 3150 periculaque
450 3095 485 3133 oe
506 3077 585 3135 labor
604 3078 725 3134 crebrior
746 3077 874 3132 rediberet
897 3071 1049 3153 (degegen
1073 3071 1170 3152 aber).
1214 3072 1267 3163 lv,

128 3185 186 3241 19:
208 3186 318 3242 ssavus
339 3185 429 3243 ombr't
448 3186 585 3258 inceptum
606 3186 723 3258 adepte
745 3185 845 3241 bnon
872 3185 987 3242 eadm
1007 3185 1111 3242 monuit
1131 3203 1165 3241 ne
1179 3185 1267 3242 'terre

123 3303 162 3350 ret
184 3296 318 3351 ubeuntee
364 3290 461 3350 Aliter
483 3290 544 3373 III,
568 3293 624 3352 23:
647 3297 733 3351 donec
754 3295 855 3350 adulta
885 3303 962 3352 nocte
993 3295 1062 3350 luna
1092 3311 1204 3366 turpent
1225 3313 1267 3351 or·

124 3405 245 3460 tenderet
268 3402 341 3458 aciee
355 3403 536 3475 solleretque,
560 3398 641 3478 quod
663 3398 814 3478 explices:
847 3399 1021 3460 ostenderet
1056 3397 1177 3477 quidem
1213 3397 1267 3457 ned

125 3517 224 3568 temen
247 3506 388 3582 falleret,
405 3542 445 3552 —
479 3506 522 3566 At
544 3499 673 3586 ¹longius
706 3507 844 3586 procedit
866 3507 925 3582 T„
956 3527 1047 3588 quum
1083 3508 1175 3566 etiem
1204 3515 1266 3567 turn

126 3617 233 3697 copula
256 3624 372 3691 utetur,
397 3635 487 3696 quum
509 3617 592 3696 prius
616 3617 801 3676 enuntiatum
824 3635 884 3676 non
907 3624 952 3676 eet
975 3617 1157 3693 negativum,
1180 3615 1264 3676 dum-

125 3726 215 3786 modo
239 3726 364 3786 alterum
388 3727 524 3804 protinus
547 3733 698 3805 sequetur.
743 3725 824 3785 Ann.
848 3725 933 3799 XIII,
957 3726 1017 3785 15:
1045 3729 1169 3801 primum
1189 3747 1266 3784 nene·

125 3840 247 3903 nruneb
267 3839 338 3910 ipeie
358 3838 550 3894 edueetmibue
570 3838 690 3910 aceepit,
721 3838 893 3909 tremuitque
920 3839 1042 3895 meleta
1074 3840 1137 3896 alvo
1161 3857 1267 3910 porum

123 3947 256 4002 ualidum.
310 3943 360 4001 Idx
383 3943 482 4021 priore
505 3944 654 4002 sententie
675 3941 707 4002 id
730 3943 777 4002 cni
799 3943 948 4022 posterior
976 3953 1145 4024 opponatur
1167 3944 1265 4004 elicie-

118 4063 165 4112 tur
188 4058 318 4132 0portet.
376 4049 456 4110 Nem
485 4050 511 4108 ei
537 4047 575 4110 de
608 4070 725 4110 veneno
755 4050 874 4125 dicitur,
908 4052 1007 4110 etetim
1035 4052 1200 4129 cogitamus
1228 4053 1267 4113 de

126 4159 279 4220 mortifere
302 4157 367 4239 ejus
390 4159 438 4235 vi,
472 4179 507 4219 uc
530 4159 556 4219 ei
578 4159 687 4220 deinde
709 4160 859 4239 sequitur,
882 4159 912 4218 id
937 4160 1095 4221 exitiosum
1118 4162 1265 4222 haurienti

199 4379 224 4445 1)
243 4379 303 4428 Ano.
324 4379 342 4430 1.
362 4377 410 4429 65:
431 4379 596 4445 Quinctilium
619 4380 714 4433 Varum
732 4380 856 4449 sanquine
874 4380 976 4434 oblitum
994 4391 1023 4434 et
1038 4383 1272 4452 puteolensem.

126 4489 180 4524 rum
201 4490 305 4524 cernere
322 4482 346 4525 et
365 4473 456 4525 audire
473 4476 541 4526 citur
558 4482 601 4527 ert.
