3188 5252
681 312 745 372 133

134 485 200 546 ficit
223 491 324 546 autem
346 484 420 544 levis
442 485 664 566 insequentium
685 483 846 544 verborum
869 491 1018 564 aspectus,
1042 490 1074 542 nt
1096 483 1282 562 hanaexpli·

133 595 286 654 cntionem
307 613 429 672 prorsus
453 593 614 654 absurdam
638 613 704 654 esse
726 593 938 670 intelligamus.
984 587 1158 654 cohaerent
1180 595 1281 672 potius

132 704 306 764 necessario
331 702 391 764 duc
414 703 570 764 vocabula.
615 703 695 766 Nam
717 721 782 764 esse
804 709 954 782 putarant,
976 702 1028 781 qni
1041 705 1177 781 quamvis
1199 712 1281 762 recta

133 821 166 872 et
187 811 350 891 prudenter
372 831 472 872 rerum
492 819 602 871 statum
623 812 845 891 perspicerent,
877 829 1117 890 persuasumque
1148 811 1205 870 sibi
1229 810 1279 871 ha·
1355 851 1360 860 ·

132 921 256 992 berent,
280 920 358 981 hune
379 919 429 980 val
452 920 536 980 illum
557 921 648 999 plane
668 921 794 980 stultum
825 939 891 979 esse
915 938 1013 999 neque
1045 920 1161 998 imperii
1192 938 1279 1000 capa-

132 1047 199 1089 cem
221 1047 310 1108 quam
332 1037 365 1088 ut
388 1027 592 1107 adoptaretur,
616 1036 725 1098 tamen,
746 1029 770 1086 si
793 1027 897 1088 deerat
920 1027 1036 1106 patriae
1058 1046 1150 1100 amor,
1174 1035 1280 1105 optare

131 1154 169 1194 aa
191 1153 313 1213 sperare
334 1139 469 1212 possent,
495 1132 560 1192 fora
584 1140 617 1191 ut
639 1152 657 1191 a
679 1129 778 1192 Galba
801 1132 991 1209 deligeretur,
1016 1132 1041 1190 si
1058 1131 1180 1213 quidem
1205 1133 1278 1211 ipsis

132 1263 173 1302 ex
207 1241 262 1304 hac
293 1237 422 1319 lectione
457 1240 690 1300 emolumentum
720 1240 871 1321 quoddam
906 1239 1094 1301 exuberaret.
1147 1241 1278 1302 Rursum

132 1353 185 1414 alii
207 1352 323 1411 sincero
346 1347 528 1429 reipublicae
550 1347 649 1408 studio
673 1349 773 1408 affecti
797 1367 863 1409 esse
886 1356 1036 1428 poterant,
1060 1367 1150 1428 quum
1174 1359 1277 1412 tamen

132 1458 306 1536 imperitum
337 1455 490 1536 quendam
523 1455 680 1535 adoptioni
714 1454 916 1527 destinarent,
958 1457 1099 1534 quoniam
1127 1457 1276 1535 judicium

133 1565 247 1626 deerat.
292 1563 353 1624 Sed
376 1563 520 1622 hocloco
544 1571 640 1641 patet,
665 1583 716 1623 eoa
739 1570 854 1622 tantum
876 1563 1025 1641 intelligi,
1048 1563 1156 1644 quibus
1179 1574 1208 1626 et
1227 1567 1276 1643 ju·

132 1671 242 1732 dicium
265 1679 330 1731 erat
353 1678 383 1730 et
405 1655 583 1749 reipublicae
605 1689 696 1730 amor.
741 1671 798 1730 Est
820 1688 893 1729 vero
918 1689 952 1730 eo
976 1672 1155 1732 insolentius
1185 1692 1276 1733 enun-

133 1781 247 1853 tiatum,
270 1779 341 1859 quia
359 1780 443 1854 justa
464 1778 587 1854 negatio
611 1797 670 1836 non
692 1777 862 1856 praecedit,
886 1777 940 1838 sed
964 1778 1147 1840 desumenda
1169 1788 1215 1840 ast
1237 1800 1276 1840 ex

134 1888 278 1948 vocabulo
299 1891 394 1964 pauci,
416 1888 435 1945 i.
458 1906 484 1946 e.
506 1909 572 1946 ooo
593 1891 680 1948 malti.
700 1920 736 1930 -
763 1886 845 1949 Anu.
869 1882 891 1959 l,
915 1889 973 1948 41:
994 1893 1116 1960 semitecta
1137 1894 1273 1966 inlustres,

132 2021 186 2058 reon
208 2000 391 2058 cantariorum
412 2001 452 2054 ad
473 2001 603 2069 tutelam,
637 2017 692 2056 noa
712 1999 840 2072 militem,
871 2001 942 2056 aaliz
963 2001 1159 2072 imperatoriae
1180 2005 1274 2058 uxoria

132 2118 181 2164 arat
202 2109 348 2166 comitatus
369 2100 481 2182 rastil).
527 2103 629 2164 Germ.
662 2107 716 2164 16:
748 2108 869 2164 materia
895 2111 936 2164 ad
967 2107 1060 2164 ornata
1088 2118 1202 2166 atuatrrr
1230 2111 1273 2166 iro·
1339 2097 1344 2107 ¹

127 2220 218 2290 sormi
239 2227 264 2274 et
285 2219 357 2274 maro
377 2218 494 2289 specim
517 2226 565 2272 aut
587 2217 794 2274 delectationem
806 2209 843 2291 ²).

217 2321 443 2391 Particulaaut
465 2341 556 2401 quum
580 2321 725 2399 designet,
750 2340 789 2380 ex
810 2321 847 2380 iis
871 2319 909 2380 de
931 2319 1038 2399 quibus
1057 2328 1165 2398 agatur
1182 2341 1273 2382 unum

131 2432 302 2496 necessario
325 2427 529 2508 accipiendum
553 2447 636 2501 esse,
673 2430 698 2487 ei
721 2427 832 2487 utimur
855 2428 963 2511 vocula
994 2433 1038 2488 ael
1060 2428 1133 2488 nihil
1156 2430 1273 2503 attinet,

132 2550 233 2605 utrum
256 2539 377 2599 omnino
400 2539 562 2618 quicquam
584 2556 621 2596 ex
644 2537 697 2609 iis,
733 2555 811 2616 quae
833 2535 1064 2614 disjunguntur,
1099 2538 1272 2616 accipiatur,
1337 2613 1340 2620 Ι

130 2668 235 2711 necne.
281 2644 382 2722 Quare
404 2648 553 2725 suspicor,
588 2643 669 2705 haud
698 2664 822 2724 prorsus
852 2653 933 2705 recte
964 2644 1190 2706 Laoh'manuum
1224 2643 1273 2729 (ad

130 2760 225 2837 Prop.
247 2774 317 2837 pag.
342 2752 419 2834 318)
443 2753 601 2814 discrimen
623 2755 702 2814 inter
725 2766 774 2813 uret
797 2762 888 2835 atque
908 2759 952 2814 ael
967 2756 1107 2815 statuisse
1129 2754 1170 2829 id,
1193 2755 1273 2836 quod
1383 2756 1391 2766 '

132 2866 278 2948 particula
300 2876 349 2924 aut
370 2882 492 2944 prorsus
516 2861 657 2924 excludat
679 2863 817 2940 alterum,
839 2868 883 2923 vel
905 2863 1051 2923 admittat.
1109 2864 1188 2924 Nam
1220 2882 1272 2923 ex·

84 3033 101 3076 ,
133 2975 226 3036 cludit
247 2974 368 3054 quidem
392 2991 498 3034 revera
522 2984 571 3032 aat
593 2971 720 3031 alterum
740 2970 919 3044 membrum,
952 2971 1006 3031 sed
1034 2970 1113 3032 idem
1148 2973 1274 3034 efficitur

134 3084 239 3143 vocula
260 3087 311 3142 rel.
365 3081 494 3160 Propius
524 3077 563 3140 ad
584 3098 687 3139 verum
711 3099 766 3138 nos
790 3078 931 3138 accedere
952 3087 1041 3158 puto,
1074 3080 1099 3140 si
1131 3081 1272 3140 dicimus:

133 3192 191 3253 duo
214 3190 349 3253 membra
373 3207 428 3268 per
450 3201 499 3248 cut
512 3187 662 3266 disjuncta
684 3185 917 3267 unumquodque
928 3189 1049 3248 tertium
1062 3189 1111 3249 vel
1134 3197 1272 3268 quartum

131 3295 311 3372 excludere,
343 3299 386 3358 ita
408 3305 441 3356 ut
462 3296 616 3359 notionem
641 3314 700 3373 qua
728 3293 1022 3372 comprehenduntur
1055 3296 1272 3372 generaliorem

131 3430 170 3469 ex
194 3409 276 3468 omni
298 3415 386 3487 parte
415 3406 578 3485 impleant,
616 3413 721 3464 contra
753 3404 778 3461 si
809 3411 908 3464 exstet
944 3409 988 3464 eal
1021 3404 1095 3464 nihil
1125 3405 1273 3484 impedire

131 3518 292 3599 quominus
315 3525 436 3595 praeter
459 3515 532 3576 haec
564 3513 624 3574 duo
646 3511 781 3574 membra
804 3513 894 3572 etiam
924 3513 961 3572 de
983 3513 1041 3572 alio
1066 3514 1112 3572 vel
1136 3515 1201 3574 aliis
1224 3535 1272 3575 co·

132 3682 416 3698 W

205 3801 233 3870 1)
252 3801 348 3853 Wurmii
366 3803 507 3864 conjectura:
527 3798 594 3848 nihil
616 3800 796 3866 imperatoriae
821 3799 1019 3852 carminatoris
1047 3815 1123 3864 neque
1142 3803 1272 3852 neccssaria

131 3907 173 3960 est,
193 3905 217 3948 at
235 3895 329 3946 offendit
347 3893 499 3957 ingratissimo
518 3908 585 3943 sono.

203 3988 234 4056 2]
252 3989 365 4039 Invenitur
382 3988 403 4036 is
421 4003 477 4037 usus
493 3989 540 4051 Jam
559 3985 620 4049 apud
638 3993 725 4048 poetas.
771 3985 836 4050 Apud
856 3987 968 4037 Tibullum
987 3987 1022 4037 his
1041 3987 1174 4038 observavi:
1211 3990 1229 4048 l,
1248 3988 1273 4051 4,

131 4087 181 4137 47:
207 4083 260 4135 Nec
278 4092 300 4133 ta
322 4083 451 4150 poeniteat
474 4082 552 4132 duros
569 4077 675 4130 audiisse
693 4079 792 4130 laborer
817 4079 870 4132 Aut
896 4099 974 4148 opera
1001 4083 1116 4134 insuetus
1142 4084 1274 4134 alterutrae

131 4196 232 4232 maaca.
250 4179 268 4238 l,
289 4176 313 4239 9,
332 4174 380 4225 64:
408 4174 458 4226 lua
480 4173 552 4232 aella
578 4181 667 4239 queat,
698 4171 787 4224 meiius
813 4190 962 4226 consumere
980 4185 1078 4228 noctem
1097 4175 1150 4228 alut
1168 4193 1273 4245 operum
1359 4233 1361 4240 ,

130 4275 219 4326 varim
237 4269 389 4338 disposuisse
406 4269 480 4320 cicer.
518 4267 603 4317 Deinde
623 4267 691 4329 Prop.
704 4267 722 4326 l,
737 4265 777 4327 10,
798 4267 813 4317 9
833 4268 878 4318 huo
897 4270 1023 4320 trahendus
1042 4278 1085 4334 est,
1104 4272 1143 4321 uhi
1162 4271 1273 4334 legimus:

134 4366 201 4432 Quid
219 4365 263 4417 rili
281 4379 351 4414 acac
369 4363 459 4413 misero
480 4360 583 4430 prodeat
598 4377 677 4428 prave
696 4359 779 4410 diacre
798 4377 916 4424 carmen,
936 4361 991 4414 Aut
1008 4362 1181 4434 Amphioniae
1200 4383 1270 4416 moe-

132 4462 178 4513 nio
195 4459 255 4526 llere
274 4452 365 4523 lyrae?
401 4455 458 4505 Nam
478 4462 500 4504 et
518 4454 555 4504 hic
571 4453 650 4503 subest
669 4451 774 4516 cogitatio
794 4453 902 4518 negativa.
