3188 5252
683 281 744 344 nlo

133 446 333 512 circumsidet.
371 427 464 515 ¹Nam
493 452 553 515 illic
579 463 659 516 certe
680 455 849 515 honesta
869 457 966 512 morte
987 447 1118 524 obibant,
1150 447 1198 510 hic
1218 446 1262 510 in·

131 555 263 633 glorium
285 564 401 618 tantum
423 559 546 618 exitium
575 567 648 620 erat.
703 558 811 638 Itaque
839 577 899 618 una
927 575 994 616 cum
1021 553 1264 634 comprobatione

132 661 172 722 ad
193 682 306 724 novum
327 664 476 745 quoddam
498 673 588 747 atque
609 667 713 727 fortius
735 667 885 746 pergitur,
918 663 957 724 de
988 683 1047 744 quo
1068 683 1126 724 usn
1147 660 1264 726 dicendi
1345 685 1346 688 ¹

130 771 212 848 vide,
235 793 313 854 quae
335 777 526 856 exposuimus
545 776 583 838 ad
605 776 675 837 hist.
696 777 733 851 V,
757 778 775 836 5
799 782 878 856 (cap.
899 774 956 852 IV,
982 768 1032 852 1.).
1053 805 1093 817 -

496 1117 664 1194 CAPUT
717 1116 938 1193 SEXTUM.

388 1260 446 1319 nn
469 1257 729 1322 nuuuursurs
751 1255 988 1321 uncturum.

219 1493 292 1555 Jam
315 1494 353 1555 ad
376 1514 427 1556 aas
450 1497 608 1558 devenitur
629 1497 801 1558 tractandas
822 1497 1000 1578 particulas,
1032 1515 1109 1577 quae
1131 1493 1262 1573 negatio·

134 1621 202 1663 nem
225 1604 314 1663 simul
335 1605 496 1666 continent.

217 1712 335 1773 Miraris
357 1713 524 1775 ubertatem
546 1715 657 1794 pariter
678 1721 769 1795 atque
790 1715 965 1776 brevitatem
991 1713 1114 1789 linguae
1143 1711 1265 1788 latinae,'

136 1840 210 1902 quae
232 1824 316 1882 varia
337 1819 537 1901 conjungendi
558 1842 670 1902 genera
691 1821 816 1884 divorsis
837 1819 993 1903 particulis
1015 1821 1191 1882 affirmative
1215 1818 1263 1880 de-

134 1931 269 2010 signasse
291 1923 350 1992 uon
373 1940 527 2013 contenta,
549 1931 587 1992 cd
610 1932 699 1992 talem
721 1952 840 2013 quoque
861 1934 1005 1992 rationem
1032 1939 1127 1990 certas
1148 1939 1177 1990 et
1198 1929 1263 2008 plu·

133 2057 181 2100 res
203 2039 325 2098 voculas
347 2040 404 2101 sibi
426 2040 580 2118 confinxit,
611 2061 672 2120 qua
701 2041 868 2102 sententiae
895 2041 943 2102 vel
965 2041 1102 2100 notiones
1124 2038 1263 2116 negative

133 2146 305 2207 enuntiatae
327 2145 451 2226 adjungi
472 2147 602 2226 possint,
639 2150 683 2207 ita
715 2155 748 2208 ut
775 2169 835 2208 uno
866 2147 1030 2230 eodemque
1057 2146 1202 2208 vocabulo
1233 2152 1264 2206 et

116 2233 242 2334 'copula
265 2262 296 2315 et
318 2256 437 2331 negatio
460 2275 549 2335 parco
572 2254 661 2316 modo
684 2257 959 2336 comprehendatur.
1011 2257 1172 2334 Quaeritur
1194 2263 1264 2315 ante

134 2365 245 2439 cannia,
267 2365 292 2426 ai
314 2365 414 2444 plures
437 2372 556 2426 exstant
576 2364 650 2424 tales
672 2367 854 2446 particulae,
888 2366 1038 2448 quomodo
1069 2366 1145 2425 inter
1166 2383 1199 2425 se
1220 2362 1263 2424 di·

132 2491 239 2532 versae
261 2473 329 2535 sint.
352 2505 394 2519 -

218 2579 298 2640 Nam
321 2582 443 2640 omnino
473 2601 524 2642 aas
556 2579 674 2642 differre
694 2612 737 2627 -
764 2579 844 2662 quod
875 2582 926 2661 qui
954 2579 991 2640 de
1019 2581 1132 2640 voculis
1157 2601 1206 2640 nec
1233 2587 1264 2640 et

132 2709 217 2764 acque
238 2697 385 2768 negarent
408 2709 468 2749 non
491 2687 653 2750 defuerunt
675 2723 715 2756 7-
746 2687 827 2768 apud
855 2707 905 2749 me
933 2686 1053 2770 quidem
1074 2689 1104 2748 in
1128 2687 1263 2770 confesso

118 2799 187 2856 'cst
230 2794 341 2857 Judico
364 2797 457 2870 enim,
491 2798 521 2856 in
544 2815 726 2877 unaquaque
749 2795 852 2874 lingua
879 2796 1032 2876 necllum
1057 2795 1177 2876 quidem
1199 2811 1264 2857 ver·

134 2901 202 2962 bum
224 2903 336 2964 frustra
359 2911 388 2982 et
410 2903 557 2982 superflue
580 2923 648 2966 esse
669 2901 903 2978 conformatum,
934 2902 986 2965 sed
1009 2923 1093 2965 suam
1125 2901 1264 2985 qnodque

136 3013 261 3073 retinere
287 3013 349 3072 vim
372 3012 552 3093 peculiarem
584 3021 614 3074 ct
643 3012 804 3093 propriam.
856 3013 961 3094 Itaque
983 3013 1106 3075 ethaeo
1128 3013 1263 3094 quaestio

135 3137 193 3178 non
215 3117 409 3198 despicienda
431 3125 487 3178 est.

216 3227 258 3288 Et
278 3228 406 3307 primum
428 3225 547 3308 quidem
569 3207 725 3287 dicendum
748 3233 808 3302 est,
839 3225 1014 3307 jamdudum
1043 3227 1139 3288 videri
1168 3227 1265 3306 abjec-

132 3345 193 3398 tam
216 3355 283 3397 esse
306 3336 477 3415 opinionem
499 3336 582 3397 illam
606 3337 675 3397 olim
697 3337 914 3416 pervulgatam,
937 3336 1055 3398 differre
1070 3337 1148 3406 inter
1164 3355 1196 3396 se
1216 3357 1265 3396 occ

133 3453 162 3505 et
183 3465 270 3522 acque
296 3441 349 3526 (de
376 3465 410 3504 aa
438 3449 548 3520 quidem
576 3451 606 3504 et
634 3449 735 3504 nodum
760 3444 839 3504 infra
861 3446 1023 3524 exponam)
1045 3443 1104 3517 ita,
1139 3454 1173 3503 ut
1195 3452 1265 3505 ante

132 3554 267 3614 vocalem
289 3574 382 3630 nopae,
406 3561 476 3615 ante
499 3564 713 3615 consonantem
735 3575 784 3614 occ
805 3561 944 3634 ponatur,
976 3552 1026 3612 vel
1048 3585 1089 3598 -
1113 3553 1194 3633 quod
1215 3553 1265 3612 alii

133 3661 247 3721 cautius
269 3668 439 3722 statuerunt
462 3692 502 3703 -
524 3682 573 3721 osc
601 3681 661 3721 non
682 3669 811 3741 ponatur
841 3669 911 3721 ante
931 3659 1064 3721 vocalem
1080 3657 1113 3737 ¹).
1168 3657 1266 3741 Atque
1379 3705 1381 3709 ,

133 3768 214 3849 qnod
237 3789 316 3829 nunc
339 3770 425 3830 aliter
448 3777 478 3830 et
506 3769 615 3830 rectius
633 3770 804 3848 judicatur,
841 3769 969 3830 maxime
999 3767 1113 3828 duobus
1142 3768 1266 3830 debetur

133 3877 204 3936 viris
237 3874 428 3938 doctissimis:
463 3876 631 3954 Wagnero‚
665 3879 718 3958 qui
748 3878 780 3937 in
810 3883 938 3956 quaestt.
966 3875 1080 3952 Vergil.
1110 3895 1178 3955 pag.
1202 3875 1263 3936 525

125 3989 215 4066 seqq.
236 3987 351 4065 primus
374 4006 440 4048 curn
461 3987 578 4047 ratione
599 3994 629 4046 et
651 3987 785 4047 acumine
807 3987 913 4046 mentis
943 4003 1008 4046 non
1038 3984 1204 4064 spernendo
1228 3983 1266 4044 de

132 4089 249 4168 legibus
271 4091 421 4168 exposuit,
444 4109 518 4169 quae
542 4090 692 4168 Vergilius
716 4098 746 4150 et
769 4090 873 4150 (liceto
894 4091 926 4150 in
949 4089 1030 4150 libris
1054 4089 1091 4150 de
1113 4088 1267 4169 republica

123 4197 188 4277 ¹hac
211 4198 241 4257 in
264 4217 297 4257 re
320 4199 415 4258 secuti
438 4205 517 4274 sunt,
540 4197 672 4272 Handio‚
696 4199 746 4279 qui
766 4197 939 4290 inTurscll.
953 4197 1007 4275 lv,
1031 4199 1068 4260 91
1083 4216 1148 4278 qu.
1164 4216 1266 4257 omnes

209 4423 237 4492 l)
255 4427 286 4476 ct.
303 4425 370 4476 Hand
388 4425 453 4477 Tura.
472 4426 570 4488 Ν,·93.
590 4450 624 4464 -·
651 4422 654 4428 ’
