3196 5270
644 295 664 352 3

105 457 183 533 Quod
218 461 242 520 si
280 459 344 540 quis
377 460 498 521 omnine
531 456 622 521 habet
658 460 840 539 superfluum
873 466 944 539 post
980 457 1216 538 diligentissimae

108 566 279 628 Weinisuffii
301 587 402 642 emas,
431 568 503 629 mihi
532 575 633 628 tamen
660 569 693 627 in
723 588 759 628 eo
782 567 927 628 erravisse
955 567 1074 628 videtur
1100 567 1146 627 vir
1167 568 1217 627 ille

108 671 212 748 doctus,
240 673 320 754 quod
346 677 378 735 in
409 674 633 736 collectionibus
663 675 723 735 suis
746 675 896 735 orationes
918 673 1016 734 Taciti
1037 673 1153 751 seriptis
1173 674 1216 732 hi·

108 780 207 842 noricis
227 783 351 844 insertas
373 803 479 864 parum
500 785 657 865 spectavit.
700 782 744 844 Ibi
774 784 852 844 enim
874 781 965 841 alium
993 801 1058 842 esse
1078 781 1217 841 Tacitum

107 889 241 968 mgisque
260 889 408 951 rhetorem
436 911 529 971 qnum
550 890 646 972 primo
670 887 778 951 obtutu
800 896 986 968 compareat,
1013 896 1078 948 tum
1098 907 1216 947 acente-

107 995 152 1054 tins
171 995 356 1075 investiganti
376 997 471 1056 mulis
493 995 582 1058 obvia
602 1003 674 1059 sunt
696 1002 726 1057 et
761 993 968 1056 absentantis
998 991 1069 1057 stilo
1091 993 1216 1055 diversa.

108 1099 177 1173 Quae
196 1102 363 1180 singillatim
385 1123 618 1164 commemorare
639 1121 738 1183 neque
767 1121 847 1162 nune
868 1101 1003 1180 neglexi,
1032 1110 1064 1163 et
1084 1101 1116 1162 in
1138 1101 1217 1163 calae

108 1210 343 1270 eonmentstionis
364 1209 464 1271 denno
488 1212 587 1271 omnis
610 1230 779 1289 congeram.

174 1315 219 1375 Ba
239 1336 329 1390 vero,
359 1336 436 1396 quae
459 1316 495 1377 sd
527 1315 742 1378 absolvendum
763 1317 915 1394 inceptum
934 1334 1033 1376 meum
1054 1313 1150 1373 adhue
1171 1334 1215 1373 re-

109 1429 179 1496 stant,
199 1443 290 1502 quum
312 1445 351 1496 en
372 1443 482 1502 magna
502 1434 589 1504 perte
606 1427 670 1503 jam
692 1424 798 1483 litteris
820 1423 994 1501 consignata
1014 1423 1083 1495 sint,
1105 1420 1216 1501 publici

110 1529 169 1602 juris
183 1529 285 1590 faciam
297 1574 307 1604 ,
338 1532 364 1590 si
386 1530 461 1591 haec
483 1551 560 1611 qnae
585 1551 666 1592 nunc
697 1548 836 1611 propono
860 1526 897 1590 ab
926 1527 1092 1590 hominibus
1119 1527 1214 1588 doctis

114 1637 277 1715 sennobsta
301 1647 398 1700 erunt.
420 1671 462 1685 -
