3188 5252
855 301 916 362 142

403 466 442 534 At
464 493 626 553 numquam
650 473 729 553 apud
753 474 828 533 Tac.
851 487 877 533 ct
899 509 937 518 —
962 486 989 533 ιι
1010 475 1200 549 negationem
1223 473 1356 552 sequitur
1380 469 1467 552 quod

317 596 388 642 nutn
411 582 531 642 omnino
554 579 648 642 latine
671 583 789 642 dicatur
811 581 900 643 valde
924 582 1045 642 dubium
1069 579 1159 664 est1).
1181 615 1222 625 ·-

401 689 473 751 Jam
496 691 569 750 nihil
591 691 737 772 reliquom
761 701 822 772 est,
859 693 915 752 nisi
945 700 978 750 nt
1008 712 1132 768 agamus
1165 691 1202 752 de
1230 713 1264 750 ua
1287 725 1325 734 -
1349 693 1466 765 pridem

317 805 347 871 et
368 802 476 856 ostiam.
521 797 633 856 Prioris
656 798 803 857 enuntiati
825 796 981 877 aliquoties
1005 798 1186 857 mentionem
1205 798 1270 875 jam
1294 796 1463 874 injecimus.

293 881 452 994 'Sustinet
474 906 552 964 enim
578 905 699 964 easdem
721 903 823 984 partes
845 907 876 964 iu
898 907 1056 964 sententiis
1077 907 1241 980 negativis,
1264 924 1338 984 quas
1361 905 1392 962 in
1417 901 1463 962 al—

314 1013 471 1074 firmativis
494 1019 577 1073 etiam
600 1012 648 1074 rol
669 1010 790 1090 worse,
824 1016 973 1074 sustinent
997 1021 1143 1094 quatenus
1174 1022 1204 1074 et
1234 1013 1264 1073 id
1286 1012 1464 1091 gradationi

316 1121 462 1182 inservire
484 1131 597 1202 potest.
657 1123 689 1183 Si
717 1143 797 1182 nors
826 1122 975 1202 quaedam
1010 1123 1160 1182 sententia
1189 1122 1320 1194 accedit,
1355 1130 1461 1180 tamen

316 1231 391 1291 Tac.
407 1251 480 1310 ,raro
504 1232 592 1291 dicit:
615 1254 650 1291 oc
672 1265 713 1276 —-
735 1254 770 1290 na
791 1237 902 1307 quddam
925 1233 1019 1306 (Hist.
1041 1227 1063 1304 l,
1086 1235 1137 1292 83.
1162 1231 1240 1290 Αιιιι.
1263 1226 1312 1303 ill,
1338 1233 1388 1288 27.
1402 1230 1461 1310 XI,

318 1341 369 1402 22.
393 1339 481 1413 xlv,
505 1343 563 1416 21,
597 1339 758 1400 denotatur
779 1341 822 1401 sio
854 1341 1006 1421 oppositio
1029 1340 1108 1402 Anu.
1132 1335 1154 1421 l,
1177 1341 1249 1415 50),
1283 1340 1462 1419 plerumque

316 1449 397 1508 nudo
419 1471 453 1508 ua
477 1482 514 1494 -
539 1454 650 1524 quidem
672 1458 829 1510 contentus
858 1461 905 1508 est
926 1449 964 1509 ci.
994 1449 1096 1510 Germ.
1120 1451 1149 1508 5,
1179 1452 1208 1508 6.
1234 1450 1285 1508 28.
1314 1448 1394 1507 Hist.
1418 1447 1460 1521 Π,

320 1557 371 1616 15.
394 1559 446 1620 44.
471 1559 522 1617 68.
552 1567 608 1618 cet.
630 1579 679 1616 uec
702 1591 740 1602 -
764 1562 875 1632 quidem
907 1577 962 1636 pro
993 1571 1018 1616 ct
1038 1579 1072 1616 ue
1096 1590 1135 1601 --
1164 1561 1275 1631 quiden
1309 1539 1367 1614 ilici
1400 1575 1461 1614 uon

317 1672 430 1744 potest,
453 1665 524 1744 quia
546 1663 621 1724 illud
644 1657 682 1724 ιιέ
707 1666 788 1745 quod
811 1666 890 1724 inest
913 1667 943 1723 in
964 1687 1051 1740 aequa
1073 1673 1104 1723 et
1125 1686 1175 1723 occ
1195 1663 1285 1744 plane
1307 1663 1461 1722 diversum

317 1783 365 1834 est
386 1792 405 1830 a
426 1765 588 1852 particula.-
610 1773 650 1831 ιιέ
662 1769 699 1854 ²),
730 1783 822 1853 atque
846 1773 928 1852 apud
962 1775 1092 1853 optimos
1116 1775 1278 1852 scriptores
1301 1773 1326 1831 si
1347 1773 1462 1850 legitur

316 1902 366 1939 occ
388 1913 428 1926 -
451 1885 562 1956 quidem
582 1880 612 1940 id
635 1881 677 1939 ita
700 1880 909 1960 explicandum
932 1891 990 1953 eat,
1019 1889 1054 1939 ut
1075 1879 1134 1939 duo
1158 1881 1305 1940 vocabula
1326 1900 1388 1939 uon
1412 1899 1463 1939 co·

318 1989 474 2062 haereant,
495 1990 548 2050 aed
572 1989 719 2069 adjungat
740 2013 796 2065 nec,
820 1991 946 2050 extollat
970 1991 1094 2050 verbum
1117 1992 1164 2050 cui
1186 1992 1377 2071 postponitur
1400 1995 1462 2065 qai-

317 2104 389 2158 dem.
433 2098 542 2178 Itaque
564 2099 636 2158 locis
657 2101 709 2158 ubi
731 2099 811 2178 apud
831 2100 970 2159 Tacitum
993 2108 1109 2159 exstat:
1131 2095 1207 2160 Anu.
1230 2101 1285 2173 tv,
1309 2100 1358 2160 35.
1370 2099 1461 2175 XIV,

319 2209 369 2266 35.
393 2205 473 2265 Hiet.
495 2206 519 2279 Ι,
543 2208 593 2265 66.
615 2205 671 2278 IV,
696 2208 735 2265 38
744 2201 765 2287 ³]
789 2206 997 2284 corrigendum
1021 2216 1101 2280 erat,
1131 2209 1275 2287 imprimis
1297 2228 1389 2289 quum
1412 2228 1463 2266 co-

319 2313 431 2373 ditibus
454 2311 510 2371 hsc
532 2315 561 2372 in
585 2333 617 2372 re
640 2313 749 2391 exigua
784 2313 880 2373 solum
907 2313 982 2374 fides
1012 2315 1152 2376 habenda
1183 2317 1239 2390 sit,
1274 2317 1331 2374 nisi
1368 2317 1461 2375 ctiam
1567 2381 1568 2392 ,

318 2422 399 2501 apud
422 2421 615 2493 Suetonium,
637 2419 799 2494 Senecam,
820 2423 960 2496 Plinium,
985 2423 1218 2498 Quinctilisuum
1243 2423 1382 2501 exempla
1406 2423 1461 2483 hu-

313 2534 364 2611 jus
389 2551 457 2591 usus
478 2531 691 2591 invenirentur.
735 2531 836 2606 Quare
859 2531 1027 2591 cavendum
1051 2541 1104 2606 est,
1127 2552 1165 2591 ne
1187 2543 1299 2592 temere
1322 2551 1460 2607 agamus.

229 2621 230 2628 ¹
319 2640 397 2700 Nam
420 2641 586 2700 rectissime
614 2649 714 2699 monet
736 2636 925 2721 Haaseus4),
962 2641 1043 2719 apud
1074 2643 1236 2719 scriptores
1267 2641 1462 2716 recentiores,

321 2768 412 2828 quum
436 2749 611 2827 saepissime
634 2770 683 2807 uec
704 2767 759 2826 pro
781 2770 815 2808 aa
840 2783 873 2790 «-
899 2753 1011 2823 quidem
1034 2749 1145 2809 dictum
1168 2751 1220 2822 sit,
1243 2749 1382 2808 facillime
1405 2749 1462 2809 has

320 2857 394 2916 duas
429 2856 547 2916 dicendi
576 2857 709 2915 rationes
738 2857 923 2916 commisceri
955 2859 1098 2937 potuisse.
1156 2856 1271 2918 Censeo
1301 2860 1392 2933 igitur
1423 2858 1462 2919 de

320 2965 375 3024 hac
397 2984 430 3025 re
452 2965 535 3044 prius
557 2964 594 3024 ad
617 2963 732 3024 firmum
750 2964 898 3043 judicium
920 2966 1072 3044 perveniri
1095 2987 1154 3026 non
1177 2986 1282 3045 posse,
1308 2987 1398 3046 quam
1423 2989 1462 3027 ex

321 3071 456 3134 omuibus
479 3072 567 3152 hujus
590 3075 698 3133 aetatis
730 3074 924 3153 scriptoribus
957 3075 1012 3134 loci
1042 3095 1131 3155 quam
1155 3076 1378 3135 accuratissime
1401 3077 1460 3136 col-

320 3184 374 3244 lati
395 3184 471 3257 sint,
506 3183 549 3242 ita
581 3191 614 3243 ut
635 3192 716 3243 totus
748 3203 820 3243 usus
844 3186 895 3244 uni
927 3187 1101 3263 conspectui
1131 3184 1313 3263 subjiciatur.
1374 3186 1459 3262 Quas

320 3313 411 3374 quum
434 3292 473 3352 ab
495 3293 613 3370 incepto
635 3302 737 3351 nostro
760 3303 875 3352 remota
898 3294 966 3366 siut,
989 3292 1065 3352 hauc
1088 3313 1207 3373 quoque
1231 3293 1268 3353 de
1283 3293 1383 3353 Taciti
1406 3315 1463 3355 usu

322 3401 527 3481 quaestionem
551 3420 630 3460 nuuc
654 3399 775 3480 quidem
799 3402 829 3459 in
850 3400 952 3460 ‘medio
977 3402 1180 3481 relinquamus
1204 3410 1332 3481 oportet.

387 3507 448 3568 Sed
459 3516 491 3568 ut
502 3508 569 3568 loco
580 3507 839 3588 particulaeetium
852 3509 990 3588 usurpari
1004 3518 1148 3587 potestat,
1164 3511 1206 3569 sic
1216 3511 1305 3570 etiam
1316 3529 1372 3588 pro
1382 3533 1462 3570 ua-
1565 3507 1566 3563 ξ

321 3620 431 3696 quidm
445 3637 494 3675 aaa
503 3615 583 3675 haud
591 3616 797 3695 infrequenter
813 3616 928 3676 dicitur.
974 3611 1072 3697 Atque
1087 3619 1238 3678 invenitur
1259 3618 1350 3678 modo
1374 3619 1464 3680 initio

321 3725 487 3784 sententiae
495 3722 545 3803 l:
556 3724 616 3782 und
630 3723 705 3783 auch
716 3721 806 3806 nicht)
815 3725 903 3784 modo
914 3725 1156 3788 mediaoratione
1169 3726 1218 3806 l:
1227 3729 1303 3787 such
1312 3727 1402 3800 nicht,
1414 3747 1464 3787 so·

321 3859 332 3864 ...
338 3857 600 3866 ——---.—.—--——--—

397 3913 422 3984 1)
445 3916 477 3967 Cl.
496 3916 578 3979 Reisig.
597 3932 648 3981 pag.
668 3917 720 3968 420
739 3926 762 3969 et
781 3919 834 3970 adn.
853 3919 935 3970 Haasei
954 3920 1014 3972 413.
1033 3939 1118 3988 quc-
1131 3931 1155 3972 ct
1171 3922 1230 3986 apud
1249 3922 1362 3972 Tibullum
1382 3921 1464 3986 paullo

320 4010 424 4061 licentius
443 4011 582 4062 scribentem
602 4013 672 4061 semel
692 4012 751 4062 hauc
768 4014 792 4063 in
812 4014 905 4064 modum
924 4015 1013 4065 obviam
1033 4023 1067 4066 ast
1086 4017 1114 4078 li,
1134 4015 1158 4078 4,
1180 4017 1226 4066 rt:
1247 4033 1294 4066 nec
1312 4018 1398 4080 resero
1417 4035 1465 4067 ro-

322 4105 402 4172 lisque
419 4106 474 4156 nias
493 4113 517 4155 et
534 4105 631 4172 qualis,
658 4105 805 4157 astartem
826 4107 962 4176 Complosit
987 4111 1065 4162 certis
1091 4109 1167 4163 Losa
1192 4111 1309 4162 recurrit.
1346 4110 1392 4159 Sed
1413 4111 1466 4162 vide

323 4209 381 4260 quae
400 4197 428 4246 dc
446 4197 490 4246 hcc
507 4197 558 4246 loco
579 4197 625 4246 diri
644 4211 692 4260 cup.
711 4195 748 4259 tt,
767 4197 790 4247 in
809 4199 886 4250 adnot.

394 4289 421 4359 2)
439 4291 474 4341 ct.
493 4291 567 4353 Reisig
585 4305 637 4355 pag.
656 4289 707 4341 588
727 4307 776 4356 seq.

394 4381 422 4448 3)
442 4383 519 4433 Germ.
539 4384 552 4432 l
573 4399 632 4434 unus
651 4385 701 4435 cod.
721 4385 1037 4438 Londinensishab012rtec
1058 4387 1190 4438 verberare
1210 4389 1313 4454 quidem.

394 4473 423 4542 4)
442 4476 474 4525 td
495 4476 570 4539 Reisig
588 4477 659 4527 schol.
679 4477 718 4526 lat.
739 4477 791 4527 adri.
810 4477 871 4529 497.
