3188 5252
680 299 741 360 137

135 478 267 549 pactione
290 495 324 533 aa
343 481 416 548 fispa
437 479 581 533 duonum.
611 472 668 533 34:
691 453 840 548 numduam
851 477 981 532 eaeraitui
1001 477 1137 548 insputari
1153 478 1277 548 pauisse

139 596 188 642 aut
210 605 304 643 morus
325 586 390 641 beili
419 593 467 640 aut
496 603 610 641 caussas
637 585 798 641 rebellandi.
844 583 901 642 43:
934 603 983 640 uae
1005 586 1150 656 quisptam
1179 569 1282 642 audita
1313 623 1317 628 -

138 703 225 750 moue
246 694 395 765 spinato
417 701 465 748 aut
487 694 607 748 launna
628 701 667 748 sa
689 702 738 748 aas
758 694 852 748 statim
883 693 989 748 oblitos.
1034 687 1137 749 Germ.
1161 691 1196 747 6:
1230 711 1281 749 mc

138 810 188 856 aut
209 802 299 856 saer-ir
321 803 418 856 adesse
440 809 488 856 aut
509 802 654 856 eonsilium
683 801 754 856 inire
784 802 962 871 ipuomies'oso
988 802 1049 870 saa.
1095 797 1132 856 8:
1160 818 1209 856 nee
1231 809 1280 856 aut

139 907 257 964 emilia
286 925 381 963 aarum
413 917 599 981 aspernantur
630 917 680 964 out
706 925 840 979 responsa
873 909 1019 978 naplipuut.
1073 905 1153 964 Hist.
1176 905 1202 979 Ι,
1228 907 1279 964 18.

138 1009 180 1088 II,
206 1011 256 1069 16.
282 1013 333 1071 37.
358 1010 488 1082 40.111‚
513 1012 564 1071 et.
587 1006 645 1084 lv,
669 1011 720 1071 58.
759 1011 841 1069 Anu.
863 1009 904 1082 Π,
929 1011 979 1070 34.
1001 1009 1094 1084 XIV,
1118 1011 1171 1070 58.
1190 1009 1279 1094 XIV,

138 1120 359 1180 sustentato
382 1132 431 1179 ant
452 1125 574 1179 consules
595 1131 734 1179 mutuum
754 1123 917 1178 relationem
945 1131 994 1176 aut
1018 1123 1144 1178 Thrasea
1165 1123 1279 1179 detersit

138 1233 290 1306 sodomia,
327 1233 441 1288 saarim
473 1251 545 1304 quaa
575 1234 765 1305 potaverunt
800 1233 949 1288 demere.
986 1249 1018 1286 vs
1048 1227 1280 1308 haudquaquam

139 1334 207 1413 pari
228 1336 259 1392 vi
282 1334 381 1413 velet,
410 1344 501 1414 atque
524 1348 589 1409 out,
627 1333 681 1394 sed
711 1333 822 1394 verba:
856 1346 905 1392 asa
927 1337 1053 1392 turmas
1073 1365 1115 1378 --
1137 1338 1282 1394 dueum

138 1441 287 1502 sumenda
308 1452 378 1503 sunt
399 1451 433 1503 nt
454 1429 551 1503 totum
574 1451 605 1503 et
626 1462 727 1536 upum,
750 1442 831 1522 qnod
855 1449 1024 1522 opponatur
1038 1443 1205 1502 sententiae
1227 1463 1279 1502 an·

137 1546 298 1620 teuedenti,
322 1568 358 1607 ao
380 1547 530 1607 dividatur
552 1549 583 1607 in
606 1546 680 1607 duae
704 1547 876 1626 particulas.
899 1582 942 1592 -
987 1547 1066 1623 Quin
1097 1549 1186 1608 stiam
1210 1557 1280 1628 post

29 1667 33 1679 ·
138 1678 192 1715 usu
213 1654 305 1716 semel
326 1657 477 1716 invenitur
500 1668 548 1716 aut
573 1693 613 1704 -
642 1669 708 1716 aut:
731 1656 810 1716 Hist.
834 1656 879 1728 Π,
903 1656 960 1716 48:
994 1677 1047 1715 seu
1071 1670 1207 1732 potr-usus
1227 1659 1282 1720 aas·

141 1770 272 1826 Othonem
295 1779 344 1824 aut
364 1771 566 1826 oblitteraretur
587 1787 723 1841 uuquam,
754 1778 803 1824 aut
824 1769 938 1824 nimium
955 1770 1125 1826 meminisset.
1150 1801 1191 1812 -
1237 1769 1280 1826 At

140 1876 216 1934 siin
240 1875 393 1934 enuntiato
415 1875 558 1950 negativo
593 1877 715 1953 insuper
744 1876 880 1954 positure
912 1895 998 1949 usquo
1020 1909 1062 1920 —
1082 1895 1183 1953 noma,
1216 1884 1279 1936 tum

139 1984 306 2044 fortissime
330 1991 386 2058 est,
408 1992 442 2044 ut
463 1991 557 2063 petet,
578 1985 710 2060 negatio.
764 1981 853 2058 Quot
876 1985 1137 2044 tamenrarissims
1159 1984 1279 2064 legitur.

139 2092 245 2154 Germ.
270 2095 328 2154 13:
360 2097 430 2152 uitri
456 2106 546 2152 autem
566 2115 652 2168 noque
669 2098 800 2168 publicae
830 2115 916 2168 neque
932 2098 1065 2168 praeatus
1086 2098 1130 2153 rai
1157 2099 1213 2154 uisi
1233 2115 1280 2154 as·-

136 2206 209 2260 mati
230 2212 329 2274 aptot,
361 2217 420 2280 quo
448 2199 514 2259 loeo
543 2201 693 2280 suspicor,
729 2201 804 2260 Tae.
833 2200 901 2259 ideo
934 2210 1049 2261 tantum
1071 2221 1144 2261 non
1168 2201 1280 2263 dixisse

137 2323 188 2370 out
210 2342 253 2354 -
276 2321 333 2384 out,
356 2310 498 2390 quoniam
521 2309 676 2388 praeeedit
699 2310 794 2369 simile
817 2321 914 2369 autern.
938 2342 981 2352 »-

228 2423 311 2497 Apte
333 2417 389 2477 hoe
413 2415 476 2477 loeo
499 2417 570 2477 addi
601 2425 701 2496 potest
724 2437 810 2491 usus,
844 2437 883 2477 ex
913 2429 975 2496 qno
1005 2419 1037 2477 in
1061 2419 1205 2478 oratione
1228 2420 1280 2479 tri·

137 2522 265 2585 membri
288 2532 319 2582 et
340 2523 481 2600 negativa
503 2522 563 2582 duo
585 2523 754 2602 posteriora
775 2521 909 2582 membra
930 2541 986 2602 per
1008 2535 1057 2582 out
1079 2532 1280 2603 opponuntur.

136 2631 268 2691 Videtur
291 2631 333 2690 sie
356 2637 435 2710 part.
470 2642 519 2689 att
540 2629 579 2691 ad
602 2629 849 2705 signilieutionem
870 2631 997 2690 voculae
1018 2637 1061 2691 vel
1083 2651 1205 2711 prorsus
1229 2633 1279 2694 de·

136 2735 255 2800 miuuta
278 2755 360 2813 sese,
398 2757 489 2818 quum
511 2741 541 2798 in
574 2740 730 2799 sententiis
753 2739 938 2800 affirmativis
965 2739 1028 2800 fers
1063 2759 1189 2820 usquam
1211 2761 1280 2820 pro·

137 2849 236 2929 priam
258 2849 319 2908 vim
341 2847 477 2907 retineat.
524 2845 739 2908 Difficillimum
762 2845 882 2927 quidem
904 2846 1081 2928 plerumque
1104 2857 1150 2908 est
1173 2848 1280 2929 dijudi-

139 2964 225 3033 cato,
263 2965 362 3017 utram
392 2955 510 3032 singula
538 2955 671 3016 membra
693 2956 735 3014 sie
757 2964 931 3034 comparata
955 2955 1031 3028 sint,
1067 2967 1101 3014 nt
1126 2958 1279 3018 notionem

141 3065 292 3148 quandam
314 3064 532 3141 generaliorem
554 3082 676 3143 prorsus
700 3064 858 3144 expleant,
892 3083 1041 3145 omneque
1074 3065 1156 3126 alind
1180 3065 1280 3128 exelu-

139 3173 222 3247 dant,
245 3189 349 3232 neone.
404 3170 479 3247 Agr.
502 3172 565 3232 31:
601 3191 687 3246 neque
716 3176 787 3232 enim
811 3194 882 3231 urvo
912 3176 990 3232 uobis
1019 3181 1068 3231 out
1095 3178 1210 3232 mealia
1231 3186 1280 3232 aest

131 3295 235 3361 portus
254 3294 324 3342 eunt.
368 3278 449 3339 Anu.
472 3274 521 3352 ΙΙΙ,
543 3279 602 3341 53:
625 3285 768 3356 quianon
790 3286 894 3340 aeditis
915 3294 965 3340 aut
982 3286 1122 3358 praetoria
1145 3294 1194 3341 aut
1215 3305 1277 3343 oon·

135 3393 207 3450 solis
225 3399 323 3463 partes
344 3390 470 3444 mutuno.
527 3384 615 3462 Quod
645 3405 707 3445 non
730 3386 804 3446 alias
835 3405 998 3464 cognoscas
1023 3407 1111 3467 quam
1134 3387 1171 3445 iis
1195 3387 1277 3462 loeis,

135 3494 190 3555 ubi
212 3492 348 3552 ultimum
368 3492 534 3552 membrum
557 3491 638 3574 quod
670 3494 799 3554 notionis
830 3495 961 3574 supersit
985 3495 1128 3573 colligere
1150 3503 1279 3575 apparet

137 3599 227 3681 (noch
253 3595 347 3681 (oder)
374 3597 476 3682 sonst}¹
497 3598 599 3660 Germ.
625 3599 682 3660 3'1:
716 3605 790 3660 nult
818 3607 915 3661 mua
945 3613 994 3659 aut
1015 3621 1083 3676 aper
1111 3614 1160 3661 aut
1181 3607 1280 3677 alipta

131 3732 214 3771 esua.
259 3706 339 3768 Aun.
361 3707 451 3781 XIII,
474 3711 531 3768 31:
562 3713 648 3769 adluit
670 3714 775 3769 Comus·
803 3733 837 3770 no
858 3715 921 3786 quis
941 3715 1120 3785 mapistratus
1143 3723 1191 3770 out
1213 3733 1277 3786 pro·

135 3830 253 3882 mator
274 3823 324 3894 qui
339 3823 515 3893 prouinciam
536 3824 674 3894 obtineret,
699 3825 885 3895 speetueulum
905 3825 1096 3895 plodiutomm
1129 3834 1178 3879 aut
1199 3828 1277 3893 tera·

134 3951 201 3991 rum
222 3940 270 3986 aut
291 3932 367 4003 quod
388 3932 469 3985 aliud
490 3931 628 3985 ludicrum
649 3932 747 3988 adoret.

226 4035 260 4095 Si
280 4033 455 4112 adjungitur
477 4035 664 4095 enuntiatum
688 4035 860 4112 negativum
894 4031 975 4113 quod
1004 4031 1093 4091 finem
1127 4032 1278 4113 quendam

135 4142 259 4218 indicat,
281 4149 442 4223 usurpatur
464 4141 610 4221 particula
633 4163 699 4202 neue
707 4139 742 4226 1).
799 4142 932 4202 Possunt
962 4159 1032 4199 vero
1062 4140 1136 4214 loei,
1171 4137 1278 4220 quibus

213 4369 238 4438 l)
256 4369 300 4418 Pro
318 4384 379 4419 usus
396 4365 511 4417 interdum
529 4365 584 4429 poni
602 4381 694 4432 aeque,
719 4371 744 4414 ut
768 4364 858 4427 negatio
883 4363 955 4430 magis
975 4371 1076 4426 acuatur,
1106 4377 1178 4429 mum
1196 4371 1277 4416 notum

137 4467 177 4529 sit,
196 4464 224 4514 de
242 4477 268 4512 ea
286 4477 312 4512 re
330 4461 423 4524 longum
441 4467 489 4523 est,
521 4459 564 4509 hoc
588 4459 638 4509 loco
656 4457 681 4508 in
706 4458 838 4508 universum
864 4458 987 4523 disputare.
1031 4457 1093 4508 Bene
1123 4465 1278 4511 tractaverunt
