3188 5252
847 340 909 401 116

316 507 518 574 Romanorum
541 513 718 592 scriptores,
750 511 783 574 in
811 523 955 594 quantum
974 514 1039 576 fieri
1061 515 1161 592 licuit,
1195 515 1227 573 in
1257 531 1351 573 unum
1373 530 1445 570 con·

317 629 450 699 spectum
472 619 726 698 comprehendens
747 641 808 680 non
831 621 926 681 solum
948 620 986 681 de
1009 640 1065 681 usu
1086 621 1138 682 sed
1161 620 1250 681 etiam
1271 617 1310 678 de
1331 617 1445 693 origine

314 728 526 807 particularum
550 728 669 805 egregie
691 726 862 806 disputavit
899 763 940 774 -
985 729 1078 806 Quae.
1091 749 1163 790 num
1191 728 1290 788 omnia
1311 733 1392 785 recte
1413 743 1446 783 se

314 831 457 908 habeant,
487 833 616 894 hicnon
639 841 699 909 est,
734 834 815 914 quod
837 834 971 915 pluribus
999 837 1199 916 aequiramus.
1256 835 1370 896 Sufficit
1396 850 1445 891 co-

315 961 424 1020 gnosse
446 961 485 1001 ex
506 941 551 1015 iis,
574 960 651 1021 quae
673 940 711 1000 ab
732 950 860 1022 utroque
882 942 1000 1020 prolata
1021 952 1103 1017 sunt,
1126 944 1219 1016 viam,
1253 961 1341 1023 qnam
1364 940 1446 999 inea-

315 1066 382 1106 mus
405 1053 525 1125 oportet
546 1043 584 1105 ad
605 1066 669 1106 rem
693 1046 766 1107 bene
787 1047 981 1108 mactandam.
1025 1049 1103 1108 Nam
1126 1048 1195 1108 licet
1216 1046 1315 1108 verbis
1337 1041 1446 1104 discre-
1521 1104 1526 1128 I

312 1163 366 1232 pat
386 1150 466 1212 haud
487 1173 555 1212 raro
578 1153 718 1212 Handius
740 1173 758 1212 a
780 1153 948 1232 Wagnero,
965 1163 1076 1215 >tumen
1098 1157 1218 1234 reipsa
1239 1153 1325 1213 unius
1348 1152 1446 1230 cujus·

316 1276 373 1337 qna
390 1257 534 1336 judicium
557 1257 595 1318 ad
617 1257 695 1318 idem
716 1258 803 1319 redit.
832 1293 867 1303 -

402 1361 459 1420 Est
481 1369 579 1422 autem
609 1383 695 1438 oeqrre
724 1360 844 1423 mollius
876 1369 906 1421 et
928 1362 1040 1437 lenius,
1076 1381 1169 1442 qnare
1191 1360 1328 1420 transitui
1349 1358 1446 1436 magis

312 1471 450 1546 inservit3
480 1491 528 1530 nec
551 1506 589 1516 -
628 1490 720 1551 quum
749 1491 787 1531 ex
809 1469 921 1530 Handii
943 1471 1094 1531 sententia
1120 1469 1318 1548 compositum
1347 1468 1386 1527 sit
1408 1485 1447 1526 ex

314 1597 348 1635 oe
370 1584 401 1637 at
421 1577 527 1637 suffixo
551 1577 803 1656 demonstrativo,
842 1576 921 1658 qnod
945 1585 991 1638 est
1017 1599 1046 1637 nc
1070 1611 1106 1622 κ·
1131 1576 1238 1637 fortius
1260 1583 1291 1638 et
1313 1571 1446 1653 manius,

313 1684 356 1744 ita
378 1693 412 1745 ut
433 1686 605 1765 praevaleat
628 1687 757 1765 negatio,
781 1686 926 1746 diminuta
947 1687 987 1745 sit
1008 1688 1053 1745 vis
1076 1683 1244 1765 copulandi,
1278 1683 1359 1766 qnod
1380 1684 1448 1762 ipse

314 1788 413 1849 durior
436 1791 559 1851 voculae
580 1807 670 1852 sonus
693 1792 766 1852 satis
789 1792 931 1871 depingit.
966 1790 1115 1850 Septimus
1130 1790 1298 1863 discrimen,
1320 1787 1345 1847 ai
1367 1807 1447 1847 com-

313 1916 452 1978 paramus
475 1901 638 1975 enuntiata,
660 1902 690 1959 in
712 1899 818 1980 quibus
841 1920 907 1959 cum
930 1897 1036 1959 iisdem
1058 1899 1155 1959 verbis
1175 1896 1334 1959 modouuc
1356 1895 1444 1956 modo

312 2027 398 2082 neque
419 2009 576 2086 conjuncta
597 2009 795 2068 inveniantur.
838 2007 913 2084 Agr.
933 2011 990 2068 31:
1011 2029 1096 2084 neque
1117 2011 1189 2066 enim
1210 2028 1281 2066 urna
1301 2009 1377 2064 orbiu
1398 2015 1446 2063 out

285 2117 287 2124 ’
314 2120 432 2175 metalla
449 2129 498 2176 oct
514 2129 613 2192 pmcne
633 2114 740 2198 umr1).
783 2116 961 2176 Evidentiue
985 2117 1075 2176 etiam
1097 2116 1165 2176 hist.
1189 2117 1213 2191 Ι,
1238 2118 1272 2176 5:
1304 2137 1354 2175 nec
1375 2118 1446 2174 enim

316 2227 356 2282 cd
376 2227 447 2293 itanc
469 2232 589 2296 formum
614 2236 704 2283 notua
735 2235 821 2284 erent.
866 2223 939 2304 Cap.
963 2223 1021 2284 55:
1051 2245 1136 2300 noque
1165 2227 1236 2282 onim
1263 2235 1324 2282 erut
1345 2227 1445 2298 adhuc,
1479 2278 1492 2301 ,

309 2337 359 2392 cua·
377 2337 565 2408 imputaretur.
612 2333 852 2394 Consentaneum
874 2333 974 2392 estin
995 2334 1128 2393 oratione
1140 2331 1346 2392 vehementius
1367 2351 1447 2391 com·

315 2449 397 2502 mota
418 2443 534 2522 saepius
556 2443 628 2520 poni
649 2463 705 2516 nec,
736 2443 781 2501 sin
803 2441 962 2522 tranquille
985 2441 1112 2520 profluet
1133 2461 1234 2516 neque:
1268 2439 1337 2499 hist.
1359 2439 1385 2514 1,
1409 2441 1446 2500 3:

314 2569 362 2608 nec
383 2553 455 2608 enim
485 2552 823 2626 wmqnom·ntrocioribna
847 2552 950 2625 populi
976 2553 1012 2607 R.
1039 2552 1165 2607 cladidroe
1195 2585 1235 2596 -
1262 2553 1448 2624 adprobatam

314 2667 352 2714 cet
373 2671 428 2714 noo
448 2676 505 2713 aare
526 2675 608 2713 curce
629 2659 688 2714 dcis
709 2658 881 2714 nemimem
898 2665 1028 2726 neuram,
1051 2674 1107 2713 aare
1128 2656 1263 2712 uitiorum.
1299 2651 1375 2733 Cap.
1390 2655 1446 2714 16:

315 2784 400 2838 neqrse
422 2766 492 2822 enim
513 2766 565 2841 tic,
587 2775 618 2822 ut
637 2767 760 2838 gentibue
780 2785 852 2839 quae
871 2775 1037 2838 regnantur,
1059 2774 1135 2821 corto
1156 2747 1328 2822 dominorum
1349 2767 1447 2821 domna

315 2881 341 2929 ot
370 2873 452 2928 cetui
476 2873 555 2928 enni.
601 2869 655 2930 30:
685 2889 771 2943 oeque
810 2872 880 2928 enini
907 2874 998 2930 relatu
1028 2873 1158 2930 nircum
1185 2873 1215 2927 ic
1241 2872 1447 2944 comparatione
1474 2843 1484 2864 ’

316 2982 429 3038 Othonia
450 2999 519 3052 opnc
540 2989 587 3037 ert.
601 3009 640 3019 u·-
665 2976 780 3038 Porro:
802 2978 876 3054 Agr.
900 2980 936 3039 2:
958 3000 1043 3054 neque
1065 2981 1095 3036 io
1116 2981 1190 3054 ipaoa
1211 2983 1292 3038 nwdo
1314 2989 1446 3053 numeru,

317 3092 367 3146 cod
389 3091 419 3145 in
439 3091 522 3147 libror
544 3108 649 3162 quoqne
670 3109 762 3147 corum
782 3091 920 3147 coendum.
965 3086 1038 3167 Cap.
1064 3091 1100 3149 3:
1135 3109 1184 3147 nec
1212 3109 1289 3164 spem
1308 3093 1390 3149 modo
1414 3107 1448 3144 oc

315 3206 406 3254 notum
425 3176 558 3254 occuitus
575 3199 706 3271 prsblicc5
722 3200 777 3275 *aed
797 3199 885 3271 mem
905 3199 963 3255 noti
976 3199 1115 3281 fiduciam
1136 3217 1170 3254 oc
1190 3200 1273 3256 robur
1295 3214 1448 3271 commpar-

315 3307 360 3363 rit.
402 3302 478 3363 Vel:
503 3323 573 3365 ann.
593 3303 653 3378 ΠΙ,
677 3306 731 3364 57:
754 3326 803 3364 nac
823 3318 914 3365 tumen
933 3316 1085 3380 repertum,
1116 3308 1173 3364 orii
1198 3317 1229 3363 nt
1249 3308 1350 3380 effiqr'ea
1370 3308 1448 3378 prin·

316 3413 406 3485 mptum
428 3443 470 3457 -·-
492 3415 604 3486 aliaque
624 3416 708 3471 solitu
728 3426 875 3474 comerent.
904 3414 963 3472 58:
992 3433 1078 3488 oeque
1105 3423 1196 3472 tornea
1217 3416 1363 3472 cocenim
1384 3415 1449 3471 reii-

314 3522 413 3593 piocea.
456 3520 572 3579 Tamen
593 3519 625 3579 id
648 3519 806 3581 discrimen
829 3534 890 3581 tam
914 3523 981 3582 leve
1004 3542 1038 3581 uc
1061 3532 1150 3582 tenue
1176 3530 1229 3596 est,
1253 3530 1286 3582 ut
1307 3520 1449 3580 facillima

317 3626 467 3704 exstingui
486 3637 598 3708 posset,
618 3627 746 3709 licetque
767 3631 908 3711 cogitare,
932 3626 1255 3708 multitariescriptoris
1278 3648 1336 3688 non
1358 3630 1448 3688 inter·

316 3733 418 3810 luisse,
441 3753 599 3814 quamnam
619 3744 746 3815 poneret
766 3738 958 3815 particulam,
996 3738 1039 3796 ita
1068 3746 1102 3796 nt
1124 3757 1211 3797 aures
1234 3745 1266 3798 et
1294 3757 1448 3797 numerum

315 3841 474 3901 verborum
499 3845 583 3902 unice
605 3852 788 3926 sequeretur.
819 3845 907 3922 Quod
929 3847 1074 3925 imprimis
1091 3845 1171 3925 apud
1192 3856 1297 3926 poetas
1319 3853 1449 3906 statuen-

318 3947 397 4030 dum,
420 3967 512 4029 quaro
530 3950 600 4028 jure
622 3969 729 4010 censeo
753 3952 938 4028 Wagnerum
962 3953 1077 4014 dicero:
1099 3952 1275 4032 plerumque
1297 3959 1327 4011 et
1349 3970 1448 4010 nume·

316 4076 366 4116 rus
388 4067 419 4118 et
441 4059 536 4117 oratio
568 4059 693 4120 eundem
725 4063 859 4140 postulat
887 4061 1032 4140 iormam3
1067 4081 1247 4142 quamquam
1275 4081 1334 4120 non
1364 4067 1448 4119 tanto

326 4193 600 4205 mna-1..-

394 4298 423 4368 1)
441 4302 462 4352 ls
481 4302 520 4368 qni
537 4303 676 4356 nodiccmA
700 4303 792 4369 scripsit
815 4304 903 4355 ridetur
927 4311 1034 4370 putasse,
1053 4301 1156 4354 'l'acitum
1183 4304 1249 4366 longe
1267 4303 1356 4368 saepius
1375 4301 1450 4352 dicere

316 4411 363 4444 nec
381 4409 449 4458 quum
469 4413 555 4464 neque.
591 4399 648 4449 Nam
666 4399 768 4464 plurimis
787 4399 842 4450 locis
862 4417 908 4452 nec
926 4400 994 4450 habet
1012 4414 1081 4464 qnnm
1100 4399 1150 4450 cod.
1163 4397 1281 4463 Pomponii
1298 4386 1450 4464 Laeti'naqnc

316 4489 430 4553 praebeat.
468 4489 501 4541 Cf.
519 4505 569 4555 cap.
588 4490 628 4542 16.
653 4491 694 4542 31.
714 4491 757 4544 33.
776 4491 819 4544 38.
839 4492 881 4542 42.
