3196 5270
651 281 690 343 17

100 449 140 520 Π,
165 451 202 511 4:
230 474 324 527 penca
343 457 374 512 iss
391 475 526 529 proeaees
552 467 578 516 et
610 461 694 518 solita
722 463 898 533 respondens.
952 456 1008 524 ΠΙ,
1040 457 1097 516 64;
1128 477 1238 531 paucos

105 559 216 617 Vitellio
237 563 358 620 cotona
386 573 412 620 a
439 566 551 621 maone
578 567 700 639 maipa
727 567 830 622 mocio
859 567 991 639 sapidas.
1036 561 1116 622 Ann.
1147 561 1173 634 1,
1199 563 1237 619 2:

98 673 161 721 tnta
180 677 207 724 et
224 672 387 741 praescotia
408 689 491 744 psam
511 681 605 730 oeteo
626 683 651 730 ct
668 675 828 746 periochae
848 677 941 731 molle.
995 669 1051 744 IV,
1075 673 1112 730 3:
1134 681 1165 728 ot
1185 691 1239 744 pro

98 775 219 832 tanaceto
242 785 268 834 et
284 781 475 850 praumatus
491 781 636 852 stopitioso
660 791 687 838 et
716 783 822 838 iocata
844 790 1035 855 exspectarunt.
1080 775 1238 836 Interdum

98 893 124 941 et
144 882 308 943 admodum
330 904 425 965 prope
448 886 592 947 accedere
621 895 721 968 potest
750 887 790 949 ad
812 889 1057 966 significationem
1078 884 1239 946 vocabulo·

98 1011 164 1051 rum
187 995 303 1067 impar
324 999 416 1053 adduc
433 991 475 1077 ¹),
508 1002 541 1054 ut
563 997 642 1058 ann.
666 997 689 1072 l,
713 999 770 1057 68:
799 1019 867 1057 soro
893 1019 976 1072 snper
1003 999 1090 1056 melite
1111 1008 1137 1054 et
1157 997 1241 1070 mansi

97 1105 131 1160 od
152 1113 254 1160 motum
286 1107 381 1176 destos.
439 1103 518 1164 Hiss.
541 1103 567 1178 I,
592 1105 649 1166 51:
684 1125 732 1164 nec
764 1110 851 1165 socios
879 1117 910 1164 ut
934 1109 1000 1165 olim
1030 1111 1080 1164 scd
1107 1109 1195 1164 hostes
1214 1113 1240 1162 et

97 1213 184 1270 cidon
203 1215 340 1270 vocabant
362 1211 507 1293 (Feinde,
530 1212 592 1272 und
614 1233 693 1274 awos
714 1213 849 1292 besiegte
871 1213 1012 1290 Feinde).

184 1317 258 1379 Jam
280 1339 354 1380 vero
377 1317 564 1380 substantiva
586 1322 753 1382 incensum
772 1319 909 1381 vocanda
928 1329 1007 1380 sunt.
1052 1319 1131 1380 Ano.
1148 1318 1238 1393 XIII,

100 1428 158 1488 46:
180 1432 318 1488 Neroneo
335 1433 445 1504 pocle'cc
466 1433 570 1489 amata
591 1441 617 1490 et
638 1433 820 1490 adeodads'nc
841 1433 922 1488 Actes
950 1432 1122 1502 decimam,
1158 1426 1239 1507 quod

101 1535 287 1595 enuntiatum
317 1545 388 1616 apte
420 1537 462 1597 sic
491 1537 654 1597 dissolvas:
690 1541 825 1598 Neronem
857 1519 1011 1596 dmioctnm
1039 1557 1096 1595 asse
1120 1538 1240 1610 paelices

101 1647 285 1706 adsedodc'oe
306 1649 408 1722 quippe
442 1667 512 1720 qnae
544 1657 612 1706 essct
637 1649 743 1706 ancillo
773 1651 841 1704 Acte
871 1647 914 1705 ita
935 1653 969 1704 ut
997 1647 1179 1703 camenam
1199 1639 1238 1700 ad

95 1755 219 1828 paelice,
250 1771 340 1832 porro
362 1757 445 1813 Actes
466 1753 505 1813 ad
528 1758 633 1814 cosella
656 1752 827 1834 oxplIoandi
849 1771 939 1813 causa
961 1753 1113 1814 accedant.
1159 1750 1238 1810 Ano.

99 1859 201 1942 1‚42:
222 1865 339 1921 lodium
361 1883 467 1939 meopte
484 1868 532 1938 ino
554 1875 580 1924 et
600 1885 683 1922 socru
698 1867 842 1938 lcpoto'ooss
863 1875 889 1922 ct
903 1867 1096 1937 scopantium
1115 1863 1238 1935 supletis.

98 1967 307 2048 Nipperdojus
330 1969 435 2045 affert,
471 1971 590 2047 Quinct.
620 1972 688 2030 inst.
721 1970 813 2050 VIII,
836 1971 865 2043 4,
891 1971 930 2029 26
966 1968 1016 2029 ubi
1044 1967 1136 2029 verba
1168 1967 1240 2026 facit

99 2075 321 2153 Quiuctilianue
344 2078 381 2138 de
404 2080 544 2156 congerie
565 2079 725 2140 verborum
748 2097 783 2138 ac
804 2079 1019 2138 sententiarum
1046 2075 1125 2137 idem
1149 2076 1239 2154 signi-

98 2183 263 2268 ficantium.
320 2183 381 2245 Sed
404 2185 461 2244 hoc
484 2184 549 2245 loco
579 2206 637 2246 nou
668 2186 732 2245 sola
761 2184 920 2246 verbosum
951 2187 1106 2264 congeries
1129 2185 1237 2245 intelli-

100 2291 200 2367 genda
223 2301 285 2372 est,
323 2291 376 2352 scd
405 2292 487 2354 alind
521 2291 559 2352 ad
592 2293 686 2353 alind'
703 2296 863 2373 apponitur
884 2295 1049 2354 accuratius
1079 2291 1239 2353 definiendi

100 2401 207 2476 gratia.
252 2397 329 2460 Sunt
356 2402 448 2479 igitur
480 2403 510 2461 isi
540 2400 618 2462 huno
645 2402 709 2462 fere
738 2402 859 2463 modum
893 2402 1083 2482 accipienda:
1117 2403 1240 2479 rupistis

99 2507 146 2569 fas
168 2510 302 2586 gentium
326 2510 406 2590 quod
429 2511 507 2570 inter
530 2510 771 2590 hostes'quoqne
800 2520 933 2570 sanctum
956 2511 1099 2583 habetur,
1126 2511 1239 2570 scilicet

98 2637 184 2679 saera
205 2619 374 2696 legationis.
420 2617 563 2679 Similiter
586 2621 713 2681 Rothius
737 2620 867 2699 explicat
885 2615 929 2698 ¹),
959 2621 1016 2679 nisi
1048 2619 1129 2700 quod
1162 2619 1239 2679 falso

100 2726 171 2786 dicit
201 2727 248 2786 fas
270 2729 404 2806 gentium
428 2728 480 2786 illa
500 2729 601 2807 priora
623 2727 757 2788 membra
774 2725 940 2806 complecti,
961 2727 1041 2810 quod
1058 2747 1238 2808 quamquam

99 2836 134 2893 in
155 2837 325 2896 uuiversum
348 2842 429 2894 recte
452 2833 563 2894 habere
594 2843 715 2914 posset,
752 2844 852 2893 tamen
885 2833 968 2894 aliud
1001 2834 1057 2896 fnit
1086 2837 1239 2914 scriptoris

102 2942 263 3002 consilium.
308 2941 387 3002 Aun.
413 2941 453 3022 11,
478 2944 535 3001 82:
556 2947 637 3017 iavet
658 2947 848 3002 amnicolam
870 2965 923 3001 ooo
944 2954 969 3001 et
985 2947 1142 3017 promptior
1169 2947 1240 3002 soce

98 3053 224 3109 tenebrae
245 3052 412 3120 adfirmatio.
457 3049 536 3108 Anu.
560 3049 615 3123 lv,
643 3051 702 3110 25:
732 3073 761 3111 sc
789 3054 903 3126 qnisqscc
931 3054 1033 3109 otum
1061 3061 1087 3108 et
1107 3053 1240 3123 sanquine

98 3161 257 3234 sepiebant·
279 3158 353 3218 ultio
376 3154 519 3215 caedibus
541 3144 641 3234 palam
664 3159 765 3219 fiebat.
811 3161 850 3220 67
862 3176 868 3218 :
892 3165 942 3218 aad
958 3161 1157 3246 tnm'lt'bsrins
1172 3164 1240 3216 ‹too-

97 3270 187 3325 dccim
207 3271 340 3326 uillarum
360 3267 513 3324 omninibus
535 3277 560 3326 ct
580 3269 695 3325 meliboea
717 3271 865 3326 insederat.
910 3265 966 3338 VI,
989 3265 1045 3325 41:
1077 3287 1105 3324 ac
1127 3267 1239 3338 quiaque

96 3377 240 3432 stimulant
261 3395 295 3432 nc
312 3395 437 3448 poponem
455 3395 508 3448 per
529 3378 647 3448 eupitius
667 3378 800 3448 sionem
821 3378 924 3448 impetn
945 3387 970 3432 ct
990 3377 1139 3434 comminus
1158 3395 1241 3448 prcc-

97 3485 277 3555 oeoiendssm
295 3481 436 3558 junctura
457 3478 559 3558 paullo
582 3481 757 3541 insolentior
780 3482 904 3542 ablativi
928 3491 957 3540 et
981 3479 1125 3540 adverbii.
1160 3483 1240 3540 dnn.

97 3587 185 3661 le,
210 3590 266 3646 12:
291 3591 387 3647 liberto
407 3593 612 3649 ct‘occscsators'
638 3593 792 3664 praemium
818 3596 911 3648 datar.
945 3621 978 3631 -—
1012 3587 1092 3646 Hist.
1122 3587 1146 3659 l,
1179 3588 1238 3646 70:

99 3697 222 3755 Poenino
243 3697 340 3754 itincre
361 3693 555 3770 mboipocnson
576 3701 689 3758 militem
711 3710 736 3758 ct
757 3720 841 3773 proce
870 3700 1004 3771 lcps'ooom
1034 3716 1131 3768 opocen
1152 3697 1239 3752 libcr-

96 3805 141 3860 πίε
163 3806 256 3860 adhoc
277 3805 396 3876 Apide
416 3809 548 3864 traducit.
593 3805 651 3866 Hic
674 3805 756 3864 locus
781 3825 819 3864 ex
843 3800 1054 3864 difficilioribus
1077 3809 1139 3873 ost,
1171 3800 1241 3878 quia

100 3929 166 3969 cum
189 3918 329 3969 accurata
346 3895 425 3988 ‘ejus
458 3913 659 3991 explicatione
694 3911 834 3971 cohaeret
860 3911 1012 3993 quaestio,
1047 3909 1098 3986 qui
1130 3907 1241 3966 fuerint

98 4018 209 4078 milites
232 4018 414 4095 subsignani.
475 4017 558 4095 Quos
590 4019 615 4078 si
638 4019 704 4099 quis
727 4018 817 4078 habet
840 4036 895 4098 pro
918 4015 1054 4076 omnibus
1077 4015 1113 4074 iis
1137 4015 1240 4094 quiin

93 4123 208 4200 justam
225 4118 252 4208 ⁸)
289 4124 423 4184 militiam
453 4125 490 4185 ab
521 4126 703 4205 imperatos-e
735 4125 849 4203 recepti
881 4121 935 4182 suh
970 4122 1061 4200 siguis
1097 4121 1240 4181 Romanis

175 4284 202 4354 1)
222 4287 251 4336 cl.
270 4301 318 4351 pop.
341 4285 399 4336 120.
566 4281 596 4352 2)
614 4283 642 4334 dc
662 4284 733 4335 Tacit.
752 4283 882 4350 synonymis
900 4297 952 4349 psg.
971 4283 1015 4336 45.
1118 4281 1121 4291 ”

172 4377 202 4445 3)
220 4377 258 4428 Sic
276 4377 449 4428 nominabatur:
475 4377 504 4427 cl.
531 4377 593 4427 Suet.
612 4377 677 4428 Galb.
699 4376 744 4428 12:
772 4393 833 4444 qnos
860 4377 927 4428 Naro
952 4393 984 4426 eo
1007 4371 1143 4442 resnipilna
1159 4372 1243 4438 jactos

101 4467 192 4519 milites
209 4470 316 4534 senesce.

934 4539 952 4600 2
