3188 5252
666 310 810 368 83·

200 479 279 539 Anu.
304 475 352 554 ΙΙΙ,
374 479 430 570 505
453 485 553 538 inania
576 499 609 538 ac
626 486 714 554 flaua.
759 472 842 558 ΧΙΙΙ,
870 480 923 538 19:
954 482 1089 538 instabile.
1108 500 1142 536 ac
1154 485 1261 552 flaccum

115 587 224 648 catull.
250 589 299 660 70,
332 589 351 647 3
374 605 442 666 seq:
477 591 575 646 mulier
599 591 702 661 cupido
732 592 808 660 qaod
836 589 904 645 dicit
926 589 1035 645 amanti
1069 590 1107 644 In
1134 597 1213 644 uento
1236 597 1261 642 ct

113 699 220 768 rapida
240 681 356 752 scritire
378 703 483 767 oportet
505 714 588 766 aqua.
635 691 692 754 Ov.
715 713 809 752 amor.
831 687 867 772 ΙΙ,
893 695 943 766 16,
979 694 1035 751 45:
1065 697 1149 750 cerba
1177 697 1259 766 puel·

113 804 213 874 iarum,
224 805 308 875 soliis
322 805 556 874 lecimacadacia
581 804 837 874 Insitaqaaaisum
848 811 894 872 est,
928 811 1022 858 ventas
1036 805 1146 857 danda
1154 805 1258 876 ferant,

199 910 279 967 Anu.
303 903 353 980 ΙΙΙ,
376 908 434 967 67:
463 911 582 966 cinctam
606 919 632 966 ct
653 914 801 968 necessitas
822 911 933 967 silendi.
975 907 1068 983 Verg.
1089 906 1166 968 Aen.
1191 901 1258 979 Vll,

114 1017 194 1075 203:
215 1019 335 1073 Saturni
356 1027 468 1088 pentem,
492 1019 570 1072 haud
590 1019 682 1074 vinclo
702 1036 751 1074 nec
771 1021 875 1090 lapibus
897 1036 1022 1089 aequam.

201 1107 281 1181 Anu.
304 1115 356 1192 lv,
392 1124 429 1179 1:
465 1125 606 1180 incautum
626 1126 813 1196 intectumque.
860 1121 959 1180 Sonau
988 1121 1098 1181 tralato
1130 1121 1256 1182 verbum

110 1236 239 1288 intectam
260 1225 342 1306 apud
364 1247 457 1288 uuum
480 1227 620 1287 Tacitum
643 1229 805 1301 invenitur,
827 1236 858 1288 at
879 1228 935 1288 hoo
956 1236 1074 1288 tuntum
1098 1227 1173 1288 ioco.

196 1333 275 1395 Anu.
299 1330 352 1408 lV,
376 1336 430 1394 69:
463 1340 545 1393 etiam
571 1347 761 1419 mutamque
789 1341 923 1409 inanima,
956 1347 1054 1394 tectum
1087 1349 1112 1395 et
1130 1342 1254 1410 parietes

108 1447 414 1516 circumspectabantar.

195 1549 275 1608 Anu.
299 1545 351 1621 Vl,
376 1547 431 1607 54:
467 1552 592 1607 Tiberius
609 1560 675 1622 post
696 1559 803 1605 tantam
825 1568 916 1606 rerum
938 1552 1131 1622 eapericntiam
1153 1553 1183 1604 ni
1203 1553 1253 1606 do·

107 1659 266 1715 minationis
286 1661 431 1715 conculcas
454 1668 480 1714 et
500 1667 629 1714 mutatas.

194 1763 275 1823 Aun.
288 1758 356 1836 ΧΙΙ,
381 1763 414 1822 'is
435 1769 590 1822 adstantem
611 1776 636 1822 et
658 1768 741 1838 quasi
754 1769 835 1824 uirile
848 1770 995 1824 seruitium.
1041 1764 1249 1844 Metaphoram

14 1859 16 1927 i
106 1873 144 1932 de
169 1871 293 1932 habenis
328 1869 467 1931 adductis
490 1879 641 1950 sumptam
665 1889 741 1953 caso,
771 1881 874 1932 conset
897 1871 1038 1934 Orellius.
1083 1873 1187 1932 Malim
1211 1871 1250 1932 da

106 1997 187 2040 arcu.
233 1977 326 2054 Verg.
349 1977 425 2038 Aen.
447 1975 485 2052 V,
517 1979 598 2037 507:
632 1983 698 2038 Post
721 2001 785 2038 acer
806 1985 965 2039 Mnestheus
986 1986 1108 2040 adducto
1129 1985 1249 2039 constitit

105 2107 181 2143 arose.
229 2083 286 2144 Ον.
310 2083 383 2144 Met.
407 2080 428 2157 Ι,
460 2084 543 2143 455:
585 2089 701 2144 Viderat
724 2092 847 2146 adducto
864 2091 1018 2162 flectentem
1040 2107 1145 2144 cornua
1165 2107 1248 2146 neruo

104 2193 142 2252 ef.
165 2193 243 2253 Ptin.
266 2211 337 2271 app.
360 2187 382 2264 Ι,
414 2194 471 2252 16:
509 2197 539 2250 in
561 2182 729 2252 coraie'snihus
751 2201 847 2254 eadem
869 2200 992 2270 quaein
1013 2199 1183 2254 orationibus
1204 2200 1247 2252 uis

102 2314 148 2375 cst,
188 2304 314 2375 pressior
340 2310 433 2358 tamen
466 2311 492 2357 et
524 2305 757 2375 circumscriptior
789 2315 814 2360 et
847 2308 1004 2362 adductior.
1066 2302 1140 2364 Tae.
1164 2303 1245 2364 Anu.

102 2404 185 2480 XIV,
208 2410 238 2468 4.
282 2405 362 2468 Hiit.
386 2403 435 2479 ΙΙΙ,
461 2409 490 2468 7.

189 2515 267 2574 Anu.
290 2509 359 2586 ΧΙΙ,
394 2517 451 2574 66ε
489 2521 524 2572 de
544 2533 641 2588 penem
670 2519 767 2574 ueneni
798 2520 970 2589 costudtaeit,
1000 2537 1034 2572 ne
1055 2522 1198 2590 repentino
1219 2529 1245 2575 et

98 2627 251 2697 praecipiti
262 2626 381 2695 facinus
399 2629 574 2696 proderetur.

186 2724 271 2800 XVI,
304 2732 359 2790 22:
391 2734 514 2788 habitam
536 2735 691 2804 voltumque
713 2735 772 2803 eins
802 2741 949 2804 sectantur,
982 2733 1070 2803 ripidi
1098 2742 1123 2789 ct
1144 2736 1241 2790 tristes.

100 2835 159 2896 Ov.
182 2837 268 2896 Rem.
290 2836 394 2899 Amor.
419 2839 498 2897 762:
520 2858 569 2896 nec
590 2843 697 2911 ripidas
716 2825 805 2898 mores
828 2843 897 2896 Teia
911 2841 998 2896 Musa
1020 2842 1105 2896 dedit.

184 2942 288 3004 Germ.
312 2946 369 3003 ee:
398 2951 506 3002 auecta
536 2957 561 3002 ct
588 2951 667 3002 nuda
688 2949 807 3003 omnium
829 2965 910 3004 mens.
951 2942 1010 3004 Ov.
1030 2943 1140 3004 Amor.
1163 2941 1185 3018 Ι,
1210 2947 1240 3019 3,

98 3049 152 3109 14:
174 3057 305 3125 nudaque
326 3054 491 3124 simplicitas
508 3071 720 3125 purpureusque
731 3057 834 3125 pudor.
878 3039 958 3109 Plin.
981 3069 1031 3130 ep.
1054 3046 1105 3125 IV,
1130 3053 1180 3126 14,
1201 3053 1238 3112 4:

94 3179 127 3214 ne
148 3163 238 3217 corbis
259 3161 370 3232 quidem
392 3162 475 3217 nadis
498 3155 698 3238 abstinuisse¹].
723 3191 762 3200 -

182 3263 334 3326 Cohaeret
356 3283 427 3325 usus
451 3285 490 3325 ex
512 3265 743 3346 quosliquotios.
760 3264 929 3323 invenimus
953 3264 1077 3325 verbum
1101 3274 1237 3347 metony-

94 3372 205 3431 micum
238 3391 306 3430 eum
341 3369 401 3430 alio
424 3373 627 3452 conjunctum,
655 3367 736 3451 quad
765 3369 889 3448 propria
918 3370 949 3430 vi
974 3370 1065 3430 valet.
1109 3372 1190 3432 Anu.
1214 3367 1236 3446 Ι,

93 3479 153 3538 52:
177 3484 218 3538 ad
235 3484 377 3552 praedam
399 3490 425 3536 et
445 3490 554 3552 raptas.
598 3475 649 3555 nt,
674 3478 730 3537 522
760 3482 862 3536 uentus
883 3489 909 3536 et
929 3499 1043 3550 paneae.
1089 3479 1171 3538 Hist.
1194 3479 1235 3561 Π,

92 3586 151 3644 68ε
185 3591 265 3659 apud
292 3587 430 3643 Vitdtium
451 3588 546 3643 omnia
566 3587 743 3659 indisposita,
766 3589 922 3658 temulenta,
941 3586 1099 3658 percipitie's
1117 3607 1152 3643 ac
1173 3592 1236 3644 bac-

91 3696 264 3765 chanalibus,
305 3712 389 3765 qaam
425 3695 649 3766 disciplina
678 3705 711 3750 et
739 3697 881 3751 castris
901 3697 1048 3766 propiora.
1093 3688 1144 3766 ΙΙΙ,
1178 3695 1234 3752 65:

89 3804 181 3856 mitem
203 3803 293 3857 airam
321 3803 468 3858 mensus
498 3819 517 3856 a
538 3803 672 3872 sanquine
701 3810 727 3857 et
750 3803 887 3857 caedibus.
932 3794 1020 3874 idem·
1046 3799 1234 3878 eluuntiatum

14 3915 15 3918 ’
87 3905 168 3965 redit
197 3925 265 3985 cap.
288 3907 340 3966 83.
367 3899 420 3986 IV,
450 3906 508 3967 552
538 3883 690 3980 proauiam
720 3927 800 3964 sumn
827 3909 894 3964 diuo
929 3911 1010 3966 datio
1032 3927 1086 3980 per
1118 3910 1234 3965 Gallias

87 4017 205 4071 tettcnu
225 4033 341 4087 corpore
363 4023 444 4086 atque
466 4017 607 4071 adulterio
627 4016 767 4086 placuisse
800 4010 853 4093 (ef.
877 4011 957 4070 Anu.
978 4006 1034 4092 XI,
1058 4014 1117 4071 29:
1139 4015 1231 4086 pacti-

87 4144 138 4194 ces,
168 4141 285 4194 qaorum
310 4123 335 4178 is
365 4123 477 4194 corpori
503 4123 620 4179 manime
641 4117 821 4202 insueverat.)
844 4117 947 4179 Germ.
973 4121 1028 4179 24:
1059 4132 1176 4179 catremo
1197 4143 1231 4177 ac

85 4230 233 4284 maissimo
252 4229 332 4298 iacta
353 4231 389 4282 de
410 4229 536 4284 libertate
559 4246 593 4283 oc
614 4230 650 4284 de
672 4246 785 4298 corpore
809 4229 983 4285 contendant.

165 4455 192 4517 l)
212 4455 241 4504 ci.
260 4454 370 4515 Hoistein,
390 4453 418 4503 dc
436 4453 493 4506 Ptin.
511 4453 567 4505 min.
586 4454 641 4514 stuc.
664 4454 705 4506 19.

902 4551 948 4614 6*
