3196 5270
711 285 853 350 ὅθ’

156 468 223 540 tur,
245 467 276 522 ot
298 459 446 539 imperata
470 460 614 522 lucerent.
665 457 786 520 Etenim
808 459 838 520 id
862 461 962 539 agitur
986 467 1020 520 ut
1047 481 1159 554 omncs
1189 461 1300 524 milites

157 568 240 628 nullo
264 576 392 646 excepto
414 567 452 628 ad
484 567 662 641 seditionem
691 568 771 645 rapti
800 586 868 627 esse
900 567 1115 646 intelligantur.
1167 569 1229 629 Sed
1259 587 1300 630 cx

157 677 238 733 omni
258 683 350 753 parte
369 692 484 754 aequus
507 681 557 734 est
576 673 676 746 locus,
706 675 758 753 qui
781 673 891 752 legitur
924 675 1006 733 Hist.
1035 675 1091 744 IV,
1120 676 1175 734 14:
1204 678 1301 734 amito

156 786 292 856 primores
312 787 400 858 paulic
429 794 456 845 ct
480 785 703 858 prompturum
734 785 822 856 oolpi,
850 786 940 857 specu
967 787 1114 857 epulonem
1140 805 1251 842 samum
1270 787 1301 840 in

156 911 250 948 nemus
271 901 398 964 ecculm,
429 893 479 948 ubi
503 900 581 948 nocte
609 909 657 948 oc-
672 892 782 948 munia
803 893 952 950 incolumes
972 893 1047 950 uidet
1071 921 1110 936 ·-
1132 894 1254 963 injuriae
1274 902 1301 950 ct

156 1007 255 1082 raptum
276 1007 302 1056 ct
323 971 419 1056 cetero
436 1000 544 1056 seruiit·
563 1000 642 1055 malo
664 1008 813 1056 mummi.

242 1103 324 1164 Anu.
346 1103 434 1177 xlv,
458 1106 494 1164 3:
524 1110 632 1176 forrum
660 1115 686 1163 ct
714 1110 813 1164 coedes
845 1125 964 1178 mum
997 1109 1079 1164 modo
1110 1110 1300 1177 occultaretur,

155 1229 232 1268 aeuo
252 1213 413 1284 reperiebat
458 1210 510 1270 Ex
531 1209 713 1290 Nipperdeji
735 1211 886 1270 sententio
901 1228 975 1270 voce
990 1216 1089 1270 eosdm
1105 1211 1299 1290 comprehen-

155 1315 268 1382 duntur
290 1305 405 1396 reliqua
426 1317 509 1377 uscia
532 1335 645 1394 genera
666 1324 788 1396 praeter
810 1335 958 1378 venenum
982 1324 1012 1376 et
1033 1316 1155 1380 ferrum.
1213 1318 1300 1395 Quae

155 1423 317 1502 explicatio
339 1425 438 1503 primo
461 1422 568 1484 obtutu
591 1422 783 1485 verisimilis
806 1422 924 1482 videtur
945 1433 1071 1502 propter
1093 1443 1130 1482 ea
1151 1444 1229 1503 quae
1248 1445 1299 1486 an·

154 1539 205 1589 tea
227 1529 415 1590 dictasunt:
445 1548 564 1590 veneno
597 1549 636 1590 eu
666 1529 747 1589 ferro
777 1529 827 1588 vel
849 1550 916 1606 qao
938 1534 1018 1590 olio
1039 1535 1079 1590 ci.
1130 1531 1177 1591 Ac
1199 1539 1299 1592 temen
1404 1519 1408 1526 ’

155 1645 340 1716 postremum
362 1635 435 1696 illud
461 1635 569 1696 leviter
599 1643 716 1696 tantum
750 1656 769 1695 a
785 1635 905 1699 Tacito
935 1636 1072 1697 additum
1102 1646 1164 1711 est,
1198 1640 1241 1697 ita
1267 1649 1300 1698 ut

156 1743 268 1815 deinde
290 1743 320 1804 id
343 1763 403 1803 non
421 1743 487 1822 jam
510 1744 670 1822 respiciat,
701 1742 756 1803 sed
790 1728 963 1804 notissimos
996 1743 1072 1803 duos
1105 1743 1302 1805 obtruncandi

76 1930 81 1938 ι
154 1851 260 1910 modos
284 1853 315 1911 in
338 1861 440 1912 mente
461 1832 704 1911 retineat'solos.
749 1851 827 1910 Nom
850 1852 1009 1930 quominus
1025 1871 1092 1912 cum
1111 1853 1299 1932 Nipperdejo

156 1958 302 2018 iaciamus
324 1958 444 2032 obstet,
476 1957 560 2038 quod
592 1956 701 2020 coedes
729 1977 766 2018 ea
794 1978 855 2038 qua
875 1935 941 2018 vult
963 1960 993 2017 vi
1013 1978 1074 2018 non
1095 1959 1223 2035 dicitur,
1244 1961 1299 2020 sed

156 2084 277 2144 semper
300 2063 339 2124 de
360 2063 413 2126 illa
435 2073 548 2146 morte,
569 2084 648 2146 quae
677 2063 757 2126 lerro
789 2066 933 2140 offertur,
969 2074 1090 2146 practer
1119 2067 1198 2147 quod
1225 2068 1299 2128 alias

155 2173 246 2232 etiam
269 2169 413 2231 exhibere
434 2178 538 2252 potest
560 2171 794 2250 significationes
816 2180 1026 2233 utuosuum:
1062 2175 1218 2250 Metnelsi,
1250 2176 1300 2236 vol

157 2279 374 2360 metonymice:
396 2278 540 2340 Leichcu.
585 2277 632 2340 cf.
656 2279 735 2340 Hist.
759 2279 820 2354 111,
846 2283 897 2341 26.
920 2281 976 2356 lv,
1001 2287 1029 2344 l.
1063 2316 1100 2328 -—
1133 2281 1195 2344 Sed
1217 2284 1299 2346 Anu.

157 2387 214 2467 XI,
238 2389 296 2446 23:
317 2389 450 2446 mereim
471 2397 579 2448 codrus
593 2393 677 2460 ferro
698 2390 779 2462 oiqac
799 2392 966 2464 occiderint,
994 2381 1100 2450 sensus
1124 2398 1185 2451 est:
1220 2392 1299 2454 ferro

158 2503 189 2555 et
210 2493 273 2554 alie
294 2494 335 2553 vi.
359 2527 400 2540 -·
647 2573 649 2580 Ι

194 2681 206 2692 “
241 2598 317 2679 Agr.
341 2603 399 2662 43:
420 2607 554 2664 lactatam
574 2607 875 2678 commonicionem)
905 2609 978 2664 celat
1005 2610 1106 2666 honoro
1131 2610 1300 2681 jadidomae,

155 2706 185 2766 lu.
208 2726 235 2770 e.
254 2706 373 2798 ahonore
395 2710 447 2788 qui
469 2709 568 2769 inerat
590 2711 620 2770 iu
638 2709 754 2788 judicio
783 2729 822 2770 ex
854 2729 914 2790 quo
943 2712 1123 2773 coheredem
1152 2714 1239 2774 uxori
1269 2723 1299 2773 et

156 2815 236 2876 tiliae
257 2815 402 2895 Agricola
424 2835 492 2882 cunr
522 2817 694 2896 scripserat.

155 2981 159 2989 ,
243 2923 318 2984 Dixi
340 2941 432 3003 supra
459 2922 496 2984 de
526 2922 621 2984 tribus
653 2923 743 2999 locis,
778 2927 829 3004 qui
855 2944 874 2984 a
902 2926 1007 3002 regula
1040 2947 1130 3007 quam
1145 2929 1300 2987 constimi

155 3029 341 3090 recederent.
384 3031 458 3091 Jam
480 3049 533 3091 eos
556 3029 706 3093 adscribo.
749 3031 831 3092 Hist.
850 3032 892 3107 11,
915 3034 944 3092 4:
966 3039 1117 3096 commuue
1137 3047 1163 3096 ot
1179 3041 1303 3110 mummi

155 3141 287 3228 mereim
306 3142 399 3212 clorio
420 3143 568 3214 depulerat
587 3143 740 3213 cucuma
786 3138 899 3200 Sensus
923 3149 985 3202 est:
1008 3141 1091 3222 quod
1107 3144 1299 3203 aemulaban-

157 3255 205 3304 tur
227 3245 353 3321 glorium
374 3246 506 3324 proximi
536 3248 697 3308 exercitus.
756 3245 873 3325 Nempe
901 3247 1026 3310 'l'acitus
1056 3249 1155 3310 dicere
1187 3251 1298 3313 noluit:

154 3351 319 3412 aemulatio
341 3353 473 3430 proximi
496 3354 646 3412 exercitus
668 3354 784 3430 gloriae
803 3349 838 3426 ¹).
939 3327 943 3342 ι
1208 3352 1213 3362 ’

140 3445 146 3454 “
240 3458 322 3518 first.
343 3457 399 3533 nu
424 3460 484 3520 61:
519 3469 544 3517 a
574 3470 678 3518 mm
701 3465 841 3533 sonoque
870 3463 947 3520 amu
975 3466 1107 3522 aarum
1136 3468 1300 3524 recusum

229 3691 262 3761 1)·
272 3693 395 3744 Genettvos
413 3693 437 3743 in
456 3693 518 3743 hunc
535 3694 629 3744 modum
647 3694 782 3758 subjunctos
810 3697 858 3747 tere
883 3696 968 3760 ubique
994 3697 1141 3761 relormidat,
1163 3701 1192 3752 de
1211 3717 1256 3766 qur
1274 3717 1299 3750 re

155 3783 231 3838 videus
250 3801 308 3851 quac
327 3801 401 3850 nuper
418 3786 536 3838 Zernialus
554 3787 659 3850 collegit:
677 3789 706 3838 da
724 3789 820 3850 genetivi
838 3805 882 3840 usu
900 3790 991 3844 Troico
1015 3805 1038 3854 p.
1057 3792 1091 3843 80
1107 3809 1156 3858 seq.
1200 3795 1299 3844 Omnino

154 3879 264 3930 nicusus
282 3880 310 3929 ab
330 3894 409 3930 eorum
428 3881 467 3944 qui
485 3879 604 3942 diligenter
621 3881 726 3932 scribunt
743 3882 831 3932 ratione
850 3883 936 3934 alicnus
955 3893 990 3935 est
1006 3892 1031 3935 ut
1048 3886 1127 3936 tardus
1145 3894 1213 3952 atque
1225 3888 1297 3938 elum-

154 3974 198 4023 bis.
235 3973 301 4037 llpud
313 3972 488 4030 Quinctilianum
507 3989 559 4023 raro
580 3973 674 4037 legitur:
692 3975 812 4037 v1‚t‚9:
831 3977 981 4045 indignitate
999 3978 1145 4030 calumniae
1162 3981 1298 4048 coaspira-

159 4065 238 4116 tiom'r
256 4061 296 4128 (ct.
315 4065 426 4114 Bonnellii
444 4067 487 4116 lex:
504 4066 594 4123 Quinct.
612 4067 716 4130 prolegg.
733 4082 757 4132 p.
775 4067 970 4134 l3l‚,rarissime
988 4071 1049 4135 apud
1069 4071 1166 4122 Plinium
1184 4073 1298 4125 invenias:

153 4159 213 4222 Epp.
230 4158 288 4219 lllll,
308 4158 339 4208 6:
357 4157 564 4210 absdnmticrimi
579 4160 765 4229 fidelissimique
780 4163 890 4214 custodie
907 4163 1093 4233 principalium
1110 4183 1202 4233 opum
1221 4175 1299 4218 contra

153 4251 295 4315 frequentius
313 4251 372 4316 apud
391 4251 534 4313 Suetonium,
554 4260 578 4302 ut
596 4253 650 4304 ller.
672 4254 719 4328 ¹⁰?
735 4256 854 4323 praemla
872 4256 1012 4310 delatorum
1031 4257 1128 4327 Papiae
1145 4260 1222 4330 ἱερέες
1249 4259 1298 4312 31:

153 4360 212 4396 cam
230 4343 389 4396 multitudiue
408 4345 489 4396 omnir
515 4347 616 4412 pencris
636 4345 764 4414 pecudum
783 4364 816 4398 ac
832 4350 960 4413 ferarum.
995 4350 1070 4402 Tiber.
1090 4352 1120 4404 6:
1149 4370 1230 4406 comcs
1247 4371 1300 4422 po-
1330 4377 1334 4385 ·

153 4445 252 4490 rentum
269 4437 358 4505 sapae.
396 4437 475 4490 Claud.
495 4437 524 4488 c:
544 4437 654 4492 Neronis
672 4447 696 4490 et
714 4438 793 4491 Drusi
813 4443 924 4494 fratrum
948 4443 1076 4498 Caesaris.
