3196 5270
898 344 938 402 36

350 527 407 579 tur.
450 519 584 577 Primum
606 515 684 574 enim
708 513 840 572 omnium
864 511 903 572 de
921 513 991 591 jure
1014 510 1146 571 trinoctii
1170 509 1228 570 hoc
1256 509 1324 568 loco
1353 526 1391 568 ue
1411 505 1490 584 cogi·

349 633 416 684 tare
438 623 559 704 quidem
581 621 671 695 licet,
694 623 807 700 quippe
830 618 910 700 quod
928 621 993 698 jam
1010 618 1164 679 Ciceronis
1186 625 1286 677 aetate
1307 634 1402 695 prope
1423 633 1490 673 eva-

351 730 453 787 nuisse
475 733 558 786 certo
581 727 778 787 concludatur
794 723 835 805 ¹),
866 735 900 786 ut
926 734 1043 784 taceam
1066 724 1105 785 de
1127 725 1184 783 hoc
1205 723 1336 784 Neronis
1359 729 1492 799 tempore

352 835 484 895 moribus
507 833 613 892 solutis
636 855 671 894 ac
693 835 814 894 lascivis
836 834 1047 911 insignissimo.
1092 833 1138 892 Ao
1153 831 1289 912 proiecto
1305 849 1396 910 quam
1425 845 1491 907 per·

351 960 439 1000 verse
461 940 566 1000 addita
588 948 690 1000 essent
712 940 781 1001 illa:
804 952 920 1014 nuptam
946 961 1003 997 esse
1032 960 1061 997 aa
1087 943 1233 1011 dictitans,
1266 957 1315 996 nco
1333 955 1416 1010 posse
1435 955 1492 991 mc·

349 1051 507 1106 trimocc'um
537 1049 662 1104 omittere
698 1031 852 1124 tamquam
889 1042 1080 1104 diducerctur
1114 1042 1334 1103 matrimonium
1362 1041 1388 1098 si
1416 1059 1493 1099 uxor
1591 1055 1592 1058 ’

350 1154 544 1231 usurpatione
566 1157 702 1224 caveret,
726 1168 764 1208 ne
785 1151 816 1208 in
839 1168 960 1208 manum
983 1151 1083 1209 mariti
1104 1149 1236 1209 venireti
1280 1145 1401 1206 Deinde
1422 1163 1492 1203 vero

351 1261 442 1320 etiam
465 1257 644 1336 exlegibus
675 1255 820 1315 sermonis
851 1255 983 1314 Tacitini
1014 1256 1118 1314 illicita
1147 1263 1193 1314 est
1222 1254 1297 1314 baec
1323 1252 1493 1331 explicatio.

351 1367 384 1427 Si
406 1366 496 1446 illud,
519 1362 599 1446 quod
621 1370 711 1442 putat
732 1359 952 1433 Doederlinus,
975 1362 1146 1439 exprimere
1168 1360 1263 1419 voluit
1285 1361 1420 1437 scriptor,
1442 1376 1493 1415 cur

351 1493 411 1532 non
434 1472 555 1551 scripsit
573 1492 628 1546 por
649 1481 704 1527 trec
725 1465 838 1526 conec?
882 1466 925 1526 Ut
948 1473 1070 1525 exstant
1091 1465 1184 1526 verba
1206 1486 1266 1525 non
1288 1467 1375 1525 aliter
1389 1461 1492 1522 viden·
1593 1537 1594 1552 ἵ

349 1587 399 1637 tur
421 1569 601 1658 explicanda
624 1593 708 1648 esse,
730 1573 788 1632 nisi
806 1594 860 1647 per
879 1576 1019 1646 plurimos
1039 1585 1130 1632 coctas
1145 1567 1182 1652 ²).
1204 1606 1246 1616 —
1283 1572 1345 1632 Sed
1363 1573 1430 1650 jam
1453 1574 1494 1633 rei

350 1682 503 1743 cardinem
524 1681 689 1756 tetigimus.
742 1679 824 1738 Num
855 1677 912 1736 hoo
944 1679 1062 1739 videtur
1093 1699 1133 1739 ex
1154 1679 1185 1738 vi
1206 1678 1299 1737 totius
1327 1678 1494 1737 sententiae

352 1787 463 1847 dictum
487 1784 575 1845 case?
621 1782 746 1844 Minime
768 1784 947 1860 putaverim.
998 1784 1078 1844 Nam
1099 1786 1197 1864 primo
1219 1791 1334 1843 tantum
1358 1790 1493 1862 tempore

348 1893 496 1971 Poppaea
518 1910 563 1990 se·
572 1889 712 1969 cupidine
734 1896 767 1947 et
788 1889 884 1948 forma
907 1892 1038 1951 Neronis
1058 1898 1177 1970 captam
1201 1907 1268 1950 esse
1287 1888 1495 1960 simulaveram
1594 1899 1595 1936 t

348 2007 509 2078 postquam
531 2015 603 2055 vero
627 2013 711 2052 amor
733 1995 877 2074 principis
898 1998 996 2056 acrius
1020 2000 1144 2070 exarsit,
1167 1995 1295 2075 superbe
1318 2014 1350 2055 se
1369 1994 1497 2073 gerebat
1594 2013 1595 2022 ¹

348 2110 379 2162 et
399 2125 503 2178 porum
527 2100 658 2162 obnoxia
679 2099 853 2162 libidinibus
876 2105 950 2180 ejus.
995 2102 1028 2162 Si
1059 2103 1201 2183 cupiebat
1230 2112 1263 2163 ut
1296 2102 1397 2180 paullo
1431 2103 1495 2162 lon·

348 2208 416 2284 gius
439 2224 541 2265 secum
564 2215 645 2264 esset
674 2214 829 2285 tamquam
861 2207 989 2268 delicata
1018 2210 1157 2288 quaevis,
1190 2210 1287 2288 qualis
1319 2216 1385 2267 erat
1407 2205 1495 2281 Acte,

348 2321 413 2371 tum
431 2312 569 2390 jactabat
591 2331 624 2371 sc
645 2329 712 2368 esse
735 2319 860 2390 nuptam
883 2321 913 2372 et
935 2307 1049 2374 Othoni
1071 2315 1136 2373 viro
1157 2313 1314 2390 magnifico
1331 2322 1362 2372 et
1376 2332 1496 2375 summa

349 2417 470 2476 fortuna
493 2416 600 2493 digno,
624 2417 671 2474 cui
694 2418 786 2479 nollet
807 2419 906 2478 invisa
926 2419 991 2479 fieri
1013 2439 1049 2479 eo
1072 2428 1106 2480 ut
1127 2420 1215 2478 nimis
1243 2420 1358 2478 Neroni
1386 2436 1419 2478 se
1445 2418 1495 2478 de·

348 2521 444 2581 deret.
489 2521 598 2601 Itaque
621 2532 749 2601 apparet
772 2524 885 2584 verba:
908 2549 993 2586 ccam
1016 2533 1187 2602 alteramque
1209 2544 1275 2584 esse
1297 2525 1409 2603 inepta.
1434 2524 1495 2582 Ao-

348 2627 428 2686 oedit
450 2627 530 2706 quod
554 2627 685 2689 absurde
708 2624 819 2690 dictum
844 2640 905 2692 est:
928 2639 1031 2694 altra
1062 2656 1148 2693 unam
1181 2636 1352 2704 αῑισναπιῳιο
1382 2641 1495 2702 noctem,

349 2751 440 2810 quum
461 2731 579 2791 infinita
602 2735 751 2812 quaedam
775 2737 934 2797 multitudo
951 2739 1019 2815 jam
1050 2740 1114 2798 sine
1136 2737 1361 2818 praepositione
1382 2735 1496 2794 indicc-

348 2843 414 2913 tur,
438 2853 527 2914 quam
550 2835 736 2912 significasse
757 2842 883 2902 Tacitus
916 2845 988 2901 satis
1018 2843 1130 2902 habere
1156 2843 1264 2921 potuit.
1317 2841 1400 2916 Ergo
1423 2843 1495 2900 scri·

348 2939 479 3000 bendum
505 2949 562 3000 est:
586 2962 675 3003 unam
701 2947 860 3007 alteramve
881 2956 999 3008 noctem
1016 2943 1055 3028 ³).
1079 2982 1112 2993 —-

434 3049 465 3106 4.
510 3047 542 3107 Si
571 3048 685 3128 aliquid
707 3051 835 3113 subinde
865 3053 1013 3133 sequitur,
1046 3052 1078 3111 id
1110 3061 1163 3111 aut
1189 3054 1253 3112 solo
1284 3060 1409 3112 externo
1443 3060 1497 3112 aut

350 3162 474 3212 externo
489 3162 521 3212 et
540 3155 683 3215 interiore
705 3165 757 3216 aut
780 3159 909 3238 denique
933 3158 997 3216 solo
1020 3158 1162 3218 interiore
1185 3159 1275 3218 modo
1296 3158 1362 3218 fieri
1382 3166 1496 3237 potest.

347 3258 395 3317 De
418 3259 515 3336 prima
537 3260 648 3340 specis,
671 3262 710 3320 ad
732 3283 821 3343 quam
845 3264 998 3323 referendi
1020 3265 1161 3324 suntloci
1176 3266 1280 3345 quales
1296 3263 1417 3338 Hist.1,
1434 3265 1495 3325 56:

350 3369 453 3438 impeta
476 3370 595 3424 rnilitum
618 3372 727 3444 abrepti
746 3374 883 3445 vinctique
905 3367 969 3444 vel,
993 3370 1035 3444 II,
1059 3373 1120 3431 38:
1146 3377 1288 3447 potentiae
1309 3375 1412 3446 aspide
1432 3393 1496 3430 oron

347 3476 538 3544 mcpnitudine
569 3478 682 3548 imperii
710 3480 832 3535 adolevit
861 3480 1023 3552 accipitque,
1058 3478 1170 3538 mentio
1199 3479 1265 3555 jam
1294 3481 1405 3558 injecta
1439 3483 1496 3536 est.

425 3686 453 3755 1)
472 3689 517 3739 Cic.
535 3705 578 3753 pro
603 3691 682 3741 Flacco
701 3689 745 3742 34.
772 3719 806 3728 -
832 3692 962 3755 Rossbach,
986 3694 1189 3758 Untcrsuchungcn
1212 3697 1270 3746 uber
1292 3694 1327 3748 dic
1351 3706 1411 3749 rom.
1436 3699 1496 3762 Ehe,

350 3793 401 3840 pag.
421 3778 455 3828 43
474 3772 539 3844 sequ.

422 3889 780 3957 2)ta1dcmmprohatmhm
803 3904 908 3946 nostrum
929 3896 1039 3961 judicium
1064 3897 1131 3947 etiam
1156 3897 1213 3948 Hist.
1240 3897 1266 3959 V,
1286 3895 1315 3948 b:
1345 3899 1391 3950 scd
1414 3917 1495 3954 caum

350 3990 453 4048 atquc
472 3982 580 4034 merum
599 3983 684 4036 lacnm
702 3987 798 4055 ictcpcr
814 3991 930 4056 perfluit,
959 3992 1055 4041 tertio
1081 3988 1222 4044 reducar(
1249 3990 1327 4041 Germ.
1356 3992 1404 4042 11:
1429 3994 1495 4047 alter

349 4081 379 4122 ct
396 4074 482 4124 testim
498 4075 552 4125 dics
569 4079 729 4129 cunctatione
746 4080 896 4132 adsumitur.

423 4183 450 4248 3)
470 4185 494 4234 si
512 4185 608 4236 Jabnius
624 4189 653 4237 ad
670 4190 726 4241 Hor.
745 4198 788 4241 sat.
808 4193 836 4252 ΙΙ,
857 4191 882 4252 3,
903 4192 953 4242 157
972 4192 1033 4253 dicit,
1058 4193 1136 4244 multis
1163 4193 1220 4244 locis
1244 4201 1364 4258 utramque
1390 4196 1492 4259 particu-

350 4277 395 4324 lam
413 4275 514 4324 adhiberi
531 4292 616 4340 posse,
640 4280 663 4329 id
683 4282 711 4330 dc
730 4284 832 4333 numeris
851 4291 912 4333 ccrtc
931 4300 978 4335 non
996 4285 1063 4334 velet.
1110 4286 1176 4344 Quod
1195 4301 1223 4335 nc
1248 4286 1317 4336 voluit
1341 4285 1434 4350 quidem
1461 4291 1493 4339 sir

351 4365 496 4414 doctissimus
514 4375 540 4415 ut
557 4383 584 4417 cr
603 4369 654 4432 ipso
672 4371 723 4422 loco
741 4382 817 4438 patet,
843 4377 956 4439 adquam
975 4376 1031 4425 hacc
1053 4377 1178 4426 adnotavit.
1194 4403 1228 4414 -
1249 4377 1282 4426 Dc
1300 4377 1344 4427 alic
1363 4377 1426 4439 loco,
1446 4385 1492 4443 quo

349 4458 372 4505 iu
392 4457 470 4506 codicc
487 4474 535 4524 que
548 4474 591 4523 pro
609 4477 637 4512 oc
655 4463 713 4513 mate
732 4465 841 4528 scriptum
861 4475 945 4528 crustat,
964 4468 1065 4518 dicemus
1084 4483 1133 4532 cap.
1150 4469 1188 4518 Vl.
