3196 5270
841 327 882 384 42

381 493 408 552 2.
462 490 489 550 ΙΙ
513 492 635 553 notione
657 493 894 554 demonstrativa
917 491 977 552 levi
1000 508 1092 569 opera
1115 486 1274 568 expeditur
1299 485 1438 546 adversa-

293 597 365 654 tiva.
410 597 489 656 Nam
513 600 634 657 omnino
657 600 765 658 vocula
788 611 870 672 atque
893 598 1029 656 notiones
1065 597 1161 672 magis
1195 595 1318 654 distinet
1348 613 1438 673 quam

292 705 450 762 connectit.
493 705 577 782 Ergo
600 707 710 784 legitur
732 705 925 766 multifariam
949 712 1019 764 ante
1042 699 1181 786 tamem²);
1205 722 1260 762 nec
1277 705 1345 761 'nou
1368 709 1462 767 ante
1546 731 1549 736 ·

291 805 437 882 mansel).
493 812 624 871 Fortiter
654 813 830 872 sententiam
865 812 991 889 opponit
1013 809 1094 868 Hiar.
1116 810 1149 882 l,
1172 811 1229 869 40:
1259 812 1362 866 milites
1383 812 1439 864 Re
1559 789 1560 800 ἵ

291 921 385 989 macir,
409 921 492 990 quari
514 922 664 994 Koloqeem
686 929 735 976 aret
756 923 894 978 Pam-rm
917 921 991 975 avito
1014 919 1219 974 Arsacidarum
1246 917 1318 973 aelio
1340 915 1438 984 depal-

291 1025 364 1094 rwm'‚
386 1043 430 1079 ac
451 1044 520 1080 moa
540 1027 735 1096 imperatorem
757 1044 837 1082 mam
864 1027 993 1082 memnem
1016 1034 1041 1080 et
1067 1043 1157 1079 omrem
1176 1024 1322 1078 trucidare
1339 1037 1437 1092 perqe-

290 1119 399 1198 renr³).
443 1123 526 1184 Anu.
548 1125 621 1199 XII,
647 1128 704 1186 20:
738 1130 876 1185 modicam
904 1130 1052 1186 uictoribma
1072 1130 1184 1184 laudem
1207 1146 1241 1184 ac
1261 1127 1379 1182 maltam
1398 1125 1439 1178 in-

286 1234 400 1303 smuiae
419 1235 446 1288 a·
461 1235 639 1306 pelleremur.
683 1231 762 1292 Item
786 1233 811 1290 si
832 1233 983 1310 posterior
1004 1232 1136 1310 priorem
1160 1231 1338 1290 senteutiam
1363 1229 1440 1286 inse·

292 1337 409 1416 quitur,
433 1339 525 1397 etiam
548 1339 574 1397 si
597 1337 672 1397 haec
697 1340 819 1397 nonsit
842 1327 994 1413 negativa.
1039 1337 1120 1400 Hist.
1142 1337 1182 1409 ΙΙ,
1208 1338 1264 1396 78:
1295 1355 1441 1409 cupream

292 1448 377 1501 arbor
397 1477 440 1488 -
461 1457 572 1518 repente
588 1448 772 1519 prociderat,
790 1465 825 1503 ac
842 1456 958 1518 postera
979 1447 1025 1501 die
1047 1450 1141 1503 eodem
1161 1445 1273 1514 aeetim‘o
1295 1460 1440 1513 eremperto

290 1571 413 1623 procera
444 1561 470 1608 et
489 1555 574 1610 latior
603 1555 716 1610 virebat.
770 1551 825 1623 IV,
857 1553 916 1610 81:
958 1555 1144 1624 respuamus
1176 1554 1268 1624 primo
1300 1553 1441 1616 inridere,·

294 1668 376 1730 atque
396 1660 455 1714 illia
476 1660 641 1716 immmaibrm
669 1663 751 1716 modo
773 1665 888 1731 samam
918 1661 1052 1716 raudatio
1080 1668 1212 1730 metuere,
1241 1661 1326 1713 modo
1345 1685 1391 1698 ·-
1411 1657 1442 1710 im

292 1784 368 1836 spem
389 1768 492 1823 induci.
536 1764 607 1826 Vim
630 1774 818 1826 coercentem
842 1764 965 1824 exbibet
987 1764 1184 1824 hiscelocis:
1214 1763 1293 1823 Hist.
1316 1763 1358 1841 11,
1382 1760 1439 1820 29:

292 1871 341 1926 ille
363 1873 429 1927 atrii
448 1875 636 1930 moderatione
657 1893 712 1930 aaa
733 1875 900 1945 suppliciam
920 1876 1083 1945 cujusquam
1105 1873 1249 1944 poposcit3
1271 1891 1306 1928 ac
1327 1890 1362 1927 ue
1383 1871 1439 1924 dia·

291 1975 426 2031 rimulam
447 1979 598 2047 mapemier
617 1982 706 2048 toret,
732 1997 841 2049 paucos
859 1978 1003 2034 immam.
1062 1974 1142 2034 Hist.
1172 1973 1233 2046 ΙΙΙ,
1262 1975 1321 2033 59:
1359 1985 1442 2045 etque

292 2079 352 2150 epae
380 2080 505 2135 Vitellius
526 2082 596 2136 arbel
616 2083 647 2136 in
667 2083 861 2138 Domitianmn
883 2091 963 2139 amca
980 2084 1113 2154 perabat.
1138 2113 1176 2120 -

381 2205 455 2265 Jam
478 2226 527 2265 res
550 2209 622 2285 ipsa,
642 2208 752 2266 hortari
777 2208 914 2283 videtur,
945 2216 978 2267 ut
1010 2207 1048 2268 de
1077 2209 1144 2268 loco
1167 2211 1351 2267 mentionem
1374 2207 1440 2284 inji-

294 2314 386 2393 ciam,
410 2333 498 2393 quem
522 2318 756 2393 transpositione
785 2317 1001 2376 sententiarum
1024 2316 1234 2394 corrigendum
1265 2335 1333 2374 esee
1359 2313 1440 2391 judi·

293 2421 434 2480 caverim.
478 2422 519 2479 ΕΙ
541 2421 731 2501 estquidam
753 2422 829 2481 hacc
852 2421 1033 2481 emendandi
1063 2424 1140 2481 ratio
1175 2442 1214 2481 ex
1243 2423 1299 2494 iia,
1332 2419 1439 2500 quibus

293 2534 407 2586 temere
430 2526 516 2587 abusi
538 2537 608 2588 aunt
631 2527 764 2588 nonnulli
786 2528 949 2610 philologi,
985 2531 1027 2588 ita
1057 2531 1137 2588 atsi
1160 2531 1226 2609 quis
1248 2549 1328 2588 nunc
1350 2528 1439 2586 talem

294 2635 535 2696 emendationem
566 2637 596 2695 iu
619 2635 751 2695 medinm
783 2637 915 2714 profert,
948 2638 1112 2716 suspiciose
1143 2645 1260 2695 tautum
1290 2635 1439 2694 audiatur.

294 2739 358 2812 Sed
380 2743 482 2815 negari
505 2743 608 2821 nequit
629 2743 660 2800 in
680 2741 832 2801 codicibus
855 2742 935 2801 baud
960 2762 1028 2800 raro
1051 2743 1265 2801 sententiarum
1289 2752 1321 2800 et
1341 2743 1439 2817 siugu-

293 2847 390 2906 lorum
414 2845 574 2906 verbcrum
598 2848 731 2907 ordinem
753 2849 868 2908 incuria
890 2848 1077 2908 librariorum
1100 2849 1252 2908 turbatum
1283 2868 1368 2922 esse,
1397 2867 1439 2919 ac,

295 2953 457 3014 dnmmodo
479 2964 567 3014 cante
589 2954 645 3013 hac
667 2957 697 3013 iu
720 2974 754 3014 re
776 2964 904 3032 agatur,
933 2975 992 3014 non
1024 2956 1067 3014 ita
1096 2973 1191 3033 pauca
1222 2964 1311 3014 autea
1336 2953 1374 3014 ad
1398 2956 1440 3013 iu·

294 3059 488 3145 telligeudum
511 3060 643 3120 difficilia
664 3062 713 3144 vel
734 3080 857 3140 prorsus
880 3058 1098 3120 inextricabilia
1128 3061 1170 3119 sic
1206 3061 1287 3120 facili
1315 3061 1439 3139 negotio

293 3166 324 3224 in
346 3167 494 3242 integrum
517 3186 608 3245 posse
631 3167 747 3227 restitui
760 3163 799 3248 4).
843 3168 952 3246 Neque
982 3167 1090 3226 desunt
1118 3166 1200 3246 apud
1226 3169 1324 3247 ipsum
1350 3168 1437 3227 Taci-

292 3431 367 3480 locum
385 3423 551 3488 Vergilianum:
581 3425 746 3478 sibracelria
768 3428 835 3490 forte
862 3426 959 3476 remisit
976 3423 1060 3492 Atque
1077 3427 1149 3476 illam
1167 3429 1338 3494 impraeceps
1355 3443 1437 3494 prono

291 3520 360 3587 rapit
377 3518 464 3569 alueus
482 3517 553 3567 amai
572 3516 667 3584 (Georg.
686 3518 704 3579 1,
723 3515 799 3585 202).
835 3519 892 3568 Nam
911 3518 962 3581 ipsa
990 3517 1160 3568 enuntiatorum
1184 3519 1350 3583 compositione
1372 3518 1437 3584 quasi

291 3608 432 3674 depingitur,
450 3607 565 3671 posterius
584 3609 694 3658 continuo
712 3609 815 3673 insequi,
835 3609 918 3673 quippe
937 3625 1009 3674 quum
1023 3611 1145 3673 nepusillu
1163 3610 1256 3674 quidem
1270 3611 1350 3662 vocula
1363 3612 1434 3662 iuter·

289 3709 395 3766 ponatur.
415 3727 449 3737 -
468 3699 545 3762 Longe
563 3699 592 3749 dc
605 3700 647 3750 bac
661 3715 686 3750 ra
702 3701 794 3764 exponit
811 3701 914 3753 llandius
933 3702 951 3762 Ι,
971 3700 1023 3753 480
1043 3717 1093 3766 seq.

364 3790 392 3860 l)
412 3794 443 3843 cl.
461 3805 512 3854 cap.
530 3791 585 3854 Vll,
604 3789 629 3840 3.

360 3885 390 3949 2)
409 3885 485 3934 Germ.
506 3882 549 3934 37.
568 3881 629 3934 Hist.
648 3881 668 3942 1,
685 3879 728 3932 46.
747 3881 786 3942 ΙΙΙ,
806 3881 849 3932 30.
886 3882 933 3932 Sed
952 3890 998 3932 aut
1014 3898 1112 3933 rursus.
1130 3881 1189 3931 llist.
1206 3880 1225 3944 1,
1246 3880 1270 3930 1.
1290 3881 1329 3942 ΙΙΙ,
1350 3881 1435 3930 52.—

361 3973 387 4040 3)
407 3975 479 4024 Docte
497 3974 541 4024 aad
559 3972 627 4023 nimis
646 3971 746 4036 quaesite
765 3973 793 4022 de
810 3987 855 4021 usu
868 3974 1001 4024 vocularum
1014 3990 1108 4024 ecana
1119 3973 1217 4035 disputat
1231 3971 1334 4022 Hundr'ns
1344 3973 1363 4034 Ι,
1376 3969 1436 4026 473,

289 4081 360 4130 quum
378 4066 437 4116 inter
454 4066 496 4116 ulia
514 4066 588 4116 dicut:
608 4064 631 4114 in
650 4081 682 4116 ac
700 4079 752 4115 nou
770 4065 832 4115 inest
849 4065 941 4129 aliquod
965 4065 1149 4128 consequutionis
1176 4065 1212 4114 rel
1230 4064 1381 4114 conclusionis
1399 4059 1435 4111 in-

290 4157 388 4222 dicium;
407 4173 451 4207 uns
469 4158 581 4207 dicimus:
599 4158 647 4208 und
663 4172 690 4207 so
709 4156 786 4220 nicht,
804 4156 852 4206 und
871 4157 958 4208 souach
984 4157 1053 4207 nieht.
1083 4183 1115 4194 -
1145 4157 1211 4214 Quod
1235 4156 1314 4207 videas
1333 4170 1388 4206 unm
1406 4152 1434 4204 ed

292 4257 395 4300 noenum
413 4250 487 4299 locum
506 4250 610 4314 quadret.
647 4250 718 4300 Caute
735 4250 809 4300 Madv.
826 4265 860 4312 gr.
877 4251 916 4300 lat.
936 4249 1011 4313 toea,
1036 4251 1090 4302 adu.
1112 4249 1133 4300 Ι.

362 4342 389 4410 4)
408 4342 477 4405 Cujus
496 4341 530 4392 rai
547 4342 749 4392 luculentissimum
768 4343 899 4407 exemplum
924 4358 998 4407 nuper
1023 4343 1085 4394 dedit
1110 4343 1212 4393 llnasens
1231 4338 1335 4408 (miscell.
1357 4339 1434 4404 philol.

293 4437 332 4498 lll,
355 4434 447 4502 5)‚'qui
464 4435 488 4484 in
506 4434 641 4484 suavissimo
659 4434 697 4484 illo
716 4436 797 4486 Catulli
814 4436 928 4496 carmine,
957 4436 1019 4500 quod
1047 4436 1071 4486 in
1091 4436 1186 4486 bamam
1211 4443 1325 4486 manuum
1348 4432 1432 4499 panxit,
