3188 5252
884 283 925 342 86

352 455 461 512 'libone
504 455 588 512 otiam
622 456 653 511 r'n
673 459 762 528 raom,
814 473 885 529 qnos
927 473 983 514 non
1025 456 1166 524 occuleret,
1207 471 1342 527 amaeam
1383 473 1493 526 compa
1576 509 1577 524 ,

349 569 374 616 et
411 563 526 616 obrem
558 565 658 630 verbm
705 573 769 620 tnnc
805 582 870 622 coro
891 593 933 606 -
955 565 986 617 in
1024 559 1157 618 incertum
1187 569 1212 616 ot
1242 560 1399 630 amaneum
1431 579 1492 614 ma·

347 669 390 738 aio
418 670 642 740 implicabantur.
687 667 746 727 Hic
777 667 908 728 dubitari
936 686 995 726 uon
1029 673 1138 746 potest,
1172 663 1244 744 quin
1273 662 1331 722 sibi
1363 682 1491 742 respou—
1576 659 1577 666 '

349 770 442 832 deaut
455 777 611 846 saliarium
633 781 663 833 ot
684 794 831 848 rasponum
853 783 898 833 est
921 774 999 832 euim
1020 771 1193 850 ambiguum
1215 767 1256 840 id,
1282 769 1363 848 quod
1383 789 1491 848 quam-
1576 805 1577 828 1

348 879 394 936 vis
426 881 576 938 variarum
607 881 841 958 explicationum
871 881 987 958 copiam
1022 878 1176 958 praebeat,
1206 884 1308 936 tamen
1340 875 1379 936 ab
1402 876 1490 960 initio
1576 885 1577 898 ¹

346 1001 467 1044 ecusum
498 985 649 1064 quendam
683 983 791 1058 fundit,
827 983 930 1064 (quaro
965 985 1057 1044 otiam
1087 984 1209 1044 oracula
1238 990 1411 1045 sonantum.
1431 1006 1490 1042 am·

346 1094 440 1164 bayon
462 1089 543 1150 Hist.
567 1086 602 1164 ll,
638 1091 687 1150 78.
732 1089 824 1166 Verg.
844 1090 923 1150 Aen.
944 1085 996 1163 Vl,
1018 1089 1083 1168 99),
1115 1097 1146 1150 et
1168 1089 1304 1150 similiter
1325 1111 1490 1164 nupenmm

348 1193 430 1273 quod
464 1195 561 1256 solido
593 1196 789 1258 laudamento
819 1205 911 1270 earet,
943 1206 1035 1276 atque
1064 1194 1104 1256 de
1130 1185 1167 1258 oa
1197 1215 1304 1258 mussa
1335 1196 1393 1256 huo
1416 1197 1488 1256 illue
1576 1247 1577 1254 ,

346 1301 460 1360 moveri
482 1310 593 1380 potest.
637 1302 723 1378 Quae
756 1302 933 1378 significatio
967 1303 1091 1380 iusuper
1123 1301 1257 1363 moratur
1279 1323 1317 1362 oo
1338 1302 1431 1382 quod,
1454 1314 1488 1362 ut
1576 1319 1577 1336 ³

345 1415 482 1488 apparet,
511 1428 531 1467 a
552 1426 699 1489 suspenso
721 1405 761 1466 ad
783 1406 941 1468 obscurum
964 1407 1102 1486 gradatio
1124 1406 1274 1488 quaedem
1296 1428 1316 1467 a
1337 1409 1488 1488 scriptore

345 1513 482 1574 efficitur.
526 1515 679 1595 Sequitur,
707 1511 980 1574 vocabulaobomra
1001 1522 1032 1574 et
1053 1517 1186 1572 incertam
1206 1533 1362 1594 exaequo
1384 1515 1487 1594 posita

344 1638 425 1680 esse:
457 1638 549 1699 quum
571 1627 671 1682 autem
703 1627 846 1682 obaccrum
867 1621 898 1680 id
919 1620 1065 1698 designet,
1095 1618 1176 1699 quod
1205 1618 1326 1678 omuino
1355 1619 1485 1696 intelligi

343 1734 434 1806 etque
457 1726 592 1804 expediri
612 1729 665 1788 vix
687 1735 796 1809 potest,
822 1727 1000 1790 sumendum
1023 1735 1079 1799 est,
1102 1727 1228 1788 similem
1251 1726 1311 1786 vim
1334 1725 1431 1786 latore
1453 1726 1485 1786 iu
1576 1765 1577 1816 r

346 1832 495 1893 vocabulo
520 1839 663 1894 incertum.
709 1832 758 1894 Sin
780 1833 862 1894 Anu.
879 1829 907 1908 .Ι,
933 1834 991 1894 25:
1026 1855 1150 1894 mmmm
1169 1838 1309 1906 incertum,
1342 1829 1371 1890 h.
1392 1851 1420 1892 a.
1445 1853 1485 1892 ox

343 1959 403 2020 quo
426 1939 568 2000 distincta
590 1961 626 2000 ao
645 1941 726 2001 clara
746 1940 840 2001 verba
862 1938 958 2020 accipi
980 1957 1039 1998 uou
1063 1947 1215 2019 poterunt.

428 2046 510 2110 Hist.
534 2042 586 2120 ΙΙΙ,
617 2047 673 2108 52:
707 2050 776 2104 bna
804 2065 861 2104 esre
890 2048 982 2104 animo
1012 2049 1099 2121 iubet,
1136 2048 1303 2120 belloque
1324 2056 1355 2104 ct
1377 2050 1484 2105 onmia

342 2170 400 2208 nnn
426 2155 570 2225 mellicam
592 2155 733 2219 attollam,-
760 2154 814 2209 eibi
837 2171 959 2226 paoem
988 2157 1193 2226 domumque
1223 2171 1307 2210 curae
1332 2133 1403 2220 foro]
1449 2146 1483 2211 lu

340 2262 468 2335 utraque
485 2256 630 2334 juuot'uru
651 2254 805 2336 praecedit
827 2258 1007 2319 vocabulum
1030 2257 1207 2334 generalius,
1230 2257 1270 2316 ad
1292 2255 1372 2338 quod
1396 2257 1482 2317 oddi-

339 2369 388 2420 tur
409 2360 491 2421 uliud
514 2370 665 2444 tamquam
689 2363 856 2422 accuratior
879 2365 1050 2444 explicatio.
1071 2397 1114 2410 —-
1136 2364 1215 2424 Hist:
1239 2359 1274 2435 ll,
1297 2365 1333 2421 4:
1359 2369 1432 2422 aare
1457 2375 1482 2422 ot

339 2475 431 2530 moino
451 2488 533 2544 opero
554 2475 587 2530 ob
607 2473 745 2544 laycalem
767 2475 866 2530 montis
884 2484 909 2531 ol
926 2475 1117 2545 pervicaciam
1137 2473 1344 2546 mperatitionia.
1385 2469 1481 2530 Mem-

338 2575 392 2635 bra
414 2575 471 2637 sibi
493 2596 549 2656 per
572 2577 737 2638 ohiasmum
760 2577 956 2658 respondent.
977 2612 1021 2624 -

425 2679 459 2744 lu
481 2685 654 2744 universum
677 2684 805 2746 multum
838 2684 1013 2766 diligentiae
1035 2685 1161 2745 contulit
1183 2685 1307 2745 Tacitus
1330 2685 1368 2745 ad
1393 2707 1478 2747 aecu-

336 2796 432 2848 ratum
462 2789 622 2850 verborum
653 2791 879 2868 congruentiam
902 2811 938 2852 ac
959 2793 1193 2871 responsionem.
1239 2792 1306 2868 Qun
1329 2794 1359 2852 in
1382 2815 1416 2854 rc
1437 2796 1479 2868 fit,

336 2904 369 2955 ut
391 2895 491 2956 studio
513 2897 652 2958 variandi
673 2907 839 2959 commotus
868 2899 1047 2981 plerumque
1072 2907 1173 2960 ututur
1198 2898 1325 2962 diversis
1348 2900 1387 2960 ad
1410 2921 1478 2976 con·
1576 2949 1577 2960 ,

333 3002 493 3080 jungenda
526 3004 620 3066 verba
645 3005 811 3085 particulis,
848 3005 879 3066 id
909 3006 990 3087 quod
1024 3004 1169 3087 exemplis
1204 3006 1294 3066 modo
1325 3010 1477 3084 congestis

332 3113 397 3189 jam
419 3118 540 3192 poterat
563 3112 728 3173 observari.
773 3113 835 3174 Sed
862 3114 953 3175 liceat
976 3111 1134 3176 nonnullos
1158 3113 1271 3175 addere
1293 3115 1384 3189 locos,
1413 3119 1476 3197 qui-

333 3217 389 3278 bus
411 3237 469 3278 non
493 3215 531 3278 de
552 3221 731 3298 synonymis
752 3220 860 3298 agitur,
887 3221 1066 3301 praesertim
1089 3227 1122 3280 ut
1145 3239 1216 3281 usus
1239 3209 1415 3300 copularum
1439 3243 1478 3286 ex
1576 3291 1577 3316 ¹

335 3325 417 3383 omni
449 3331 537 3404 parte
562 3325 643 3385 clare
665 3327 874 3406 perspiciatur.
917 3325 997 3388 Anu.
1022 3320 1072 3401 ΙΙΙ,
1097 3329 1154 3386 312
1206 3349 1321 3402 quornm
1342 3333 1372 3386 in
1395 3350 1477 3404 pecn-
1576 3359 1577 3412 χ

334 3436 412 3488 niam
434 3444 516 3506 atque
537 3437 647 3501 famam
668 3438 894 3493 damnationibus
915 3445 940 3494 cl
962 3437 1044 3492 laeta
1065 3437 1203 3492 oaeneon
1232 3433 1282 3512 (oi.
1304 3415 1476 3516 Nsppeud.)⁴

331 3537 411 3595 Hist.
434 3531 470 3612 ΙΙ,
494 3541 550 3598 62:
581 3543 765 3612 enumerabat
787 3544 975 3598 alchorano
996 3544 1097 3600 virtuto
1131 3543 1215 3600 milae
1238 3546 1423 3601 admandina
1443 3566 1478 3603 oo

331 3649 470 3720 inpletum
492 3657 517 3702 ot
531 3657 692 3720 'contempta
716 3649 803 3704 daona.
848 3644 928 3706 Anu
953 3640 1004 3719 ΙΙΙ,
1035 3648 1095 3706 26:
1121 3668 1178 3722 pro
1199 3651 1335 3708 madenia
1368 3670 1402 3706 ao
1421 3672 1476 3723 pn-

329 3759 397 3812 dora
412 3755 525 3810 amato
543 3763 568 3811 et
593 3757 804 3826 antecedebam
823 3771 903 3834 resp.
925 3772 982 3833 per
998 3751 1146 3834 chiaem.¹)
1191 3754 1234 3815 At
1256 3754 1381 3816 eaedem
1404 3775 1474 3834 par·

403 3881 433 3951 1)
451 3883 510 3942 Quin
529 3883 595 3934 etium
614 3884 638 3934 iu
657 3885 770 3946 termulis,
799 3899 857 3949 quae
881 3886 968 3936 sensim
987 3887 1016 3936 ad
1041 3893 1128 3937 certum
1147 3901 1215 3937 usum
1234 3885 1376 3947 coaluemnt,
1401 3887 1476 3938 varim
1576 3901 1577 3966 l

332 3973 421 4037 copulo.
458 3974 516 4024 llisl.
544 3975 562 4032 1,
595 3973 643 4023 55:
670 3982 786 4040 ,sennim
811 3974 946 4043 populique
973 3976 1093 4029 Rotnani.
1131 3975 1180 4026 ὅδε
1205 3985 1309 4028 reamur
1336 3992 1370 4027 ac
1393 3977 1477 4044 popul
1576 3967 1577 3990 ¹

329 4063 449 4114 Romani.
486 4065 515 4123 ll,
536 4062 584 4114 32:
602 4073 718 4116 renatum
736 4072 759 4114 ct
774 4063 897 4132 populum
915 4065 946 4117 ΙΙ.
968 4092 998 4104 -
1020 4067 1080 4139 lun.
1099 4065 1138 4126 ΙΙΙ,
1158 4065 1210 4116 23:
1237 4081 1306 4134 aqna
1324 4073 1400 4132 alque
1416 4066 1474 4133 iani

328 4150 476 4202 arcebatur.
516 4151 563 4202 38:
583 4168 652 4220 aquo
673 4162 697 4204 et
714 4153 940 4221 ianiinlcrdiotum
959 4173 1011 4206 reo.
1032 4182 1066 4193 —
1085 4155 1142 4206 llist.
1160 4155 1199 4214 ΙΙΙ,
1220 4153 1267 4206 34:
1289 4155 1328 4207 Ti.
1349 4156 1474 4220 Sempro-

325 4238 369 4288 nio
392 4247 416 4288 at
435 4239 553 4292 Cornelio
571 4242 722 4296 oonsulibus.
764 4243 800 4304 ΙΙΙ,
827 4243 875 4295 38:
907 4235 1192 4312 Vespasianns'itcrnm
1217 4259 1249 4294 nc
1281 4243 1348 4293 Titus
1371 4260 1474 4294 conru-

325 4326 407 4377 lotnm
424 4328 545 4380 inierunt.
583 4332 601 4391 Ι,
622 4331 670 4380 77:
693 4331 780 4383 Caelio
798 4349 831 4383 ao
850 4332 938 4384 Flauio
958 4331 1063 4384 Sabinis
1081 4334 1110 4384 in
1130 4331 1223 4391 iuliae,
1242 4329 1321 4382 Arrio
1339 4329 1473 4382 Antonino

326 4423 350 4466 ot
368 4415 452 4466 llario
474 4417 545 4468 Celae
563 4419 591 4468 in
610 4421 802 4488 semptembrcs.
