3188 5252
858 263 920 325 144

321 431 392 514 quid
415 434 596 524 significent,
617 457 706 517 quam
730 436 803 517 quid
826 457 887 498 non
910 439 1085 517 significent.
1139 439 1218 498 Nam
1242 438 1342 520 plures
1366 438 1457 498 raris·

320 546 393 604 sime
415 546 464 605 vel
487 547 606 606 omniuo
632 545 712 606 rullo
734 547 800 606 loco
823 548 1025 638 inseniuptur,
1060 567 1138 628 quae
1161 549 1264 628 paullo
1292 549 1460 612 crebriores
1549 549 1550 624 s

320 663 390 714 sunt
414 656 577 716 varietates
600 664 699 716 tamen
724 677 783 717 non
806 657 962 736 praebent.
1150 642 1152 647 ¹

405 764 494 824 Ratio
516 785 572 845 per
594 764 647 824 bas
668 767 832 844 particulas
862 768 1018 828 enuntiata
1044 767 1244 845 componendi
1267 768 1297 826 in
1320 767 1378 826 tria
1401 765 1463 825 dis·

319 871 397 934 cedit
417 893 537 952 genera,
561 872 597 933 de
620 875 727 956 quibus
745 878 810 955 jam
834 875 1203 957 capanteceddiximus:
1228 877 1461 955 oppositionem,
1549 853 1550 936 l

320 981 538 1055 coercitionem,
561 981 812 1041 substitutionem.
857 983 963 1064 Neque
986 983 1104 1044 videtur
1124 980 1338 1062 improbabile,
1361 980 1462 1041 diver·
1549 995 1550 1070 ζ

213 1077 215 1080 ’
319 1105 367 1146 sas
389 1088 512 1146 voculas
536 1088 573 1147 ad
598 1088 783 1166 designanda
805 1089 879 1148 haec
901 1090 1019 1169 singula
1041 1109 1152 1168 genera
1174 1091 1295 1169 proprie
1318 1088 1461 1148 confictas
1549 1077 1550 1118 ¹

319 1215 449 1256 esse-
474 1205 504 1256 et
527 1197 673 1274 significat
695 1211 725 1257 at
748 1198 840 1258 solam
865 1200 1094 1278 oppositionem,
1118 1212 1209 1258 tamen
1231 1199 1325 1258 solam
1349 1197 1462 1256 coerci-
1549 1241 1550 1252 .

319 1304 432 1364 tionem
457 1339 497 1348 ·-
525 1324 628 1366 verum
652 1307 807 1366 tamenin
829 1309 929 1366 multis
953 1307 1014 1366 alia
1033 1305 1255 1366 discriminandi
1278 1307 1354 1364 ratio
1375 1303 1461 1366 adhi·
1549 1307 1550 1360 ἑ

318 1412 417 1474 banda
440 1423 495 1473 eat.
1549 1391 1550 1404 ¹

407 1527 435 1584 1.
481 1523 663 1601 significatio
686 1523 853 1602 particulae
876 1535 932 1598 at„
952 1543 1029 1604 quae
1048 1524 1080 1583 in
1102 1523 1259 1583 annalibus
1283 1523 1372 1600 longe
1396 1540 1462 1580 sae·
1549 1519 1550 1534 ¹

318 1633 385 1712 pius
409 1633 525 1709 legitur,
549 1654 640 1713 quam
662 1635 693 1692 in
714 1633 844 1692 historiis
868 1634 1046 1714 scriptisque
1069 1633 1248 1707 minoribus,
1281 1632 1396 1710 duplex
1417 1631 1462 1690 in·
1549 1631 1550 1680 ἐ

319 1741 414 1819 telligi
438 1740 535 1802 debet.
590 1743 724 1801 Primum
748 1743 825 1802 enim
849 1745 921 1802 novi
944 1741 1014 1822 quid
1037 1743 1180 1822 apponit,
1218 1740 1299 1821 quod
1322 1741 1356 1799 iis
1381 1758 1461 1820 quse
1549 1731 1550 1748 ¹

319 1850 499 1910 antecedunt
521 1858 673 1930 tamquam
696 1853 868 1930 oppositum
897 1853 1053 1930 cogitatur.
1112 1846 1140 1910 ls
1171 1869 1242 1910 usus
1272 1849 1462 1929 frequentior
1549 1885 1550 1888 =

320 1968 374 2034 est,
396 1960 540 2042 imprimis
563 1960 649 2018 initio
667 1960 782 2038 capitis.
828 1958 963 2018 Sufficiat
974 1979 1012 2018 ex
1025 1959 1156 2018 historiis
1170 1957 1337 2017 adscribere
1358 1976 1460 2016 exem·
1549 1951 1550 1992 3

318 2069 370 2148 pla
393 2069 522 2127 maxime
545 2067 759 2130 memorabilia.
804 2068 884 2127 Hist.
908 2064 930 2142 l,
955 2070 1010 2129 53:
1032 2071 1071 2126 Aa
1092 2072 1121 2127 in
1142 2046 1462 2142 superioreGermania
1549 2083 1550 2128 3

319 2179 439 2234 Caecina
463 2209 503 2218 -
526 2180 622 2234 studia
643 2180 760 2235 militum
782 2181 924 2236 iniecerat.
971 2178 1028 2236 bb:
1060 2181 1158 2251 quinta
1189 2181 1304 2234 decuma
1327 2186 1461 2232 aeserta
1549 2203 1550 2246 1

318 2288 435 2342 decuma
456 2287 574 2358 iepionea
595 2287 665 2343 nibil
687 2287 764 2342 eitra
780 2288 927 2358 fremitum
957 2295 982 2342 ei
1013 2287 1104 2342 mines
1133 2305 1218 2342 ausae
1239 2286 1348 2341 initium
1371 2305 1461 2341 mum·

314 2373 406 2466 pendi
426 2385 695 2467 circumspectabant.
719 2403 750 2448 at
771 2395 800 2448 in
821 2367 963 2466 superiore
985 2396 1103 2450 exercitu
1132 2403 1235 2466 quonia
1265 2413 1299 2448 aa
1335 2395 1460 2450 deensi-

319 2503 420 2557 cesima
449 2504 566 2574 iepiones
595 2529 635 2542 -
674 2503 836 2574 dirumpent
866 2503 1000 2573 imapinea
1030 2503 1145 2558 Galbae.
1169 2494 1210 2572 ll,
1238 2503 1288 2560 20.
1322 2500 1373 2557 45.
1408 2499 1462 2558 55.
1549 2493 1550 2516 ¹

321 2609 370 2668 74.
395 2611 447 2668 86.
472 2604 526 2685 lll,
559 2611 608 2668 13.
635 2611 685 2668 22.
709 2611 759 2668 36.
784 2609 832 2669 54.
858 2609 990 2684 6417,
1019 2611 1048 2668 3.
1077 2610 1128 2668 18.
1161 2610 1212 2668 28.
1244 2607 1294 2667 51.
1324 2609 1374 2666 68.
1407 2609 1460 2668 71.
1549 2617 1550 2696 ¹

320 2709 428 2790 tm

405 2826 524 2886 Deinde
545 2826 709 2887 fortissime
732 2828 819 2900 acuit,
842 2829 1023 2886 sententiam
1046 2825 1097 2884 alii
1118 2825 1235 2884 cuidam
1259 2825 1387 2904 opponi,
1418 2824 1463 2882 ita
1549 2879 1550 2900 p

320 2943 352 2993 ut
375 2935 606 3012 significationes
636 2936 809 2996 vocularum
838 2949 868 2994 at
896 2948 992 2996 contra
1025 2955 1084 2994 uua
1114 2934 1175 2995 fere
1206 2932 1462 3013 comprehendere
1549 2921 1550 2924 ¹

320 3041 498 3126 videatar1).
542 3045 645 3106 Germ.
669 3049 723 3106 37:
757 3051 826 3122 qaid
855 3051 935 3106 aliud
957 3049 1034 3105 nobis
1055 3067 1138 3119 qaam
1168 3049 1279 3102 caedem
1301 3046 1398 3102 Oressi
1419 3076 1459 3084 -

318 3159 399 3226 infre
426 3158 582 3214 Ventidium
603 3160 725 3230 deiram
749 3159 847 3214 Oriens
879 3159 1027 3228 objecerit?
1063 3166 1092 3212 at
1118 3157 1256 3213 Germani
1278 3186 1318 3195 —
1341 3157 1458 3226 quinque

319 3265 401 3321 cimel
431 3267 589 3322 courrieres
623 3267 756 3321 euerritur
785 3297 825 3306 —-
857 3267 1036 3322 abstulerunt.
1092 3261 1172 3319 Hist.
1193 3261 1251 3333 lv,
1276 3259 1331 3319 35:
1363 3263 1461 3332 piures

319 3393 404 3446 qaam
419 3375 531 3445 jessem
553 3381 613 3430 eret
630 3376 756 3446 profecti
771 3375 873 3446 peiem
894 3375 925 3429 in
946 3374 1053 3444 epmine
1067 3373 1235 3443 ,fremebam
1257 3389 1312 3426 non
1333 3388 1362 3425 se
1383 3372 1462 3424 ultre

320 3488 441 3556 famem,
464 3485 584 3540 insidias
607 3486 759 3556 iepetorum
781 3463 952 3541 toleraturos.
977 3492 1007 3538 et
1038 3483 1086 3554 qui
1105 3489 1308 3551 remanserant,
1339 3482 1464 3534 desertos

321 3612 349 3649 se
372 3595 494 3650 abducta
512 3603 597 3666 parte
630 3595 766 3665 iepienum
795 3595 983 3665 querebantur.
1030 3588 1108 3648 Anu.
1131 3582 1162 3668 l,
1187 3589 1241 3645 14:
1275 3607 1309 3644 na
1338 3590 1463 3645 lictorem

321 3703 431 3775 quidem
452 3704 479 3759 ei
499 3704 611 3759 decemii
626 3723 731 3775 passus
752 3711 808 3774 est,
843 3721 976 3774 eramque
1007 3700 1166 3774 adoptionis
1197 3708 1222 3754 et
1252 3699 1313 3754 alia
1336 3699 1463 3767 huiusce-

319 3813 397 3868 modi
412 3813 563 3886 probibuit.
588 3821 617 3866 at
639 3811 805 3868 Germanico
827 3811 943 3866 Caesari
966 3810 1167 3881 proconsulare
1188 3807 1332 3878 imperium
1353 3806 1460 3876 petiuit.
1549 3855 1550 3888 q

320 3910 343 3989 l,
367 3920 424 3976 47:
449 3939 516 3992 quos
536 3920 622 3990 ipitur
645 3920 813 3987 anteferret.²
845 3937 879 3974 ae
907 3937 940 3974 ne
967 3917 1117 3990 postpositi
1145 3914 1309 3972 contumelia
1331 3914 1460 3968 incende·
1549 3901 1550 3904 Ἴ

285 4045 287 4048 ·
319 4030 435 4085 rentur!
457 4037 487 4084 at
500 4047 555 4101 per
569 4029 648 4098 filios
668 4028 777 4098 pariter
800 4028 878 4082 adiri
896 4029 1040 4098 maiestate
1061 4027 1151 4082 seiae.
1175 4016 1196 4095 l,
1223 4023 1272 4080 67.
1293 4013 1327 4093 ll,
1351 4017 1380 4078 5.
1406 4012 1456 4090 lll,

323 4129 1267 4212 mmmmmm-Qsmnm>

395 4418 422 4485 1)
442 4420 493 4484 lpsa
508 4422 625 4483 junctura:
650 4427 677 4470 at
695 4426 785 4478 centra
803 4418 874 4469 semel
892 4424 981 4468 tantum
998 4414 1191 4478 invenitorpride
1209 4413 1275 4464 inira.
