3188 5252
864 292 905 350 80

317 464 436 524 exsistit
456 463 539 521 notio
560 459 738 541 decipiendi,
768 481 846 542 quae
879 470 909 522 ct
939 460 1206 521 dissimulationem
1233 467 1264 520 et
1285 461 1448 522 simulatio-

316 591 386 630 nem
401 568 617 648 complectitur.
634 567 708 628 Cum
721 567 868 628 vocabulo
891 573 972 627 dolus
995 568 1025 626 in
1048 586 1084 627 eo
1107 568 1253 643 congruit,
1276 567 1448 648 quodperi·
1526 637 1528 648 Ι

318 690 364 738 ter
386 677 425 738 sd
447 686 561 737 certum
575 675 725 757 quoddam
748 675 860 736 luctum
882 681 1007 755 spectet.
1049 673 1129 734 Anu.
1153 669 1235 749 XIII,
1256 677 1298 736 40
1320 679 1449 749 (Iti-ida·
1566 655 1567 698 l

314 791 367 860 tce)
398 791 494 846 metuit
520 798 656 859 postremo
677 791 818 844 ostendero
847 789 931 843 actm
962 795 986 842 ct
1008 789 1076 842 doto
1095 787 1142 841 die
1157 789 1296 858 proclivos
1326 789 1449 858 incipero
1566 809 1567 814 ¹

316 901 360 954 ecl
380 897 554 952 slmclatt'ooc
575 899 662 966 supas
681 897 769 951 moron
784 897 894 966 fraudi
910 911 1025 965 por-ore.
1069 885 1139 972 XII,
1162 890 1219 950 45:
1244 895 1449 950 reconciliatio-

312 1009 357 1061 ms
376 1006 465 1076 specie
485 1012 628 1075 assumpto
648 1021 838 1074 supremosque
860 1004 901 1057 ad
917 1011 1037 1074 patrem,
1066 1019 1137 1071 quae
1151 1004 1262 1070 fretcio
1280 1003 1378 1072 confici
1397 1020 1448 1072 po·
1566 989 1567 996 ἵ

312 1114 421 1184 tuerint,
440 1121 574 1184 prompta
595 1112 711 1166 nuntiat.
755 1108 812 1167 55:
831 1111 989 1180 Antobcbus,
1012 1109 1207 1164 blandimentis
1228 1113 1374 1166 adversum
1387 1110 1448 1182 plc-

314 1223 380 1291 bem,
408 1223 515 1289 fraude
542 1220 573 1273 s'u
595 1221 691 1274 ducem
718 1236 779 1272 cum
799 1219 980 1273 barbmmmm
1007 1217 1103 1288 copiae
1139 1217 1314 1272 dissociascet
1334 1247 1376 1259 -
1399 1235 1441 1273 cc·

310 1340 383 1386 toros
404 1329 546 1386 clemenstia
567 1327 722 1398 conposuit.
1109 1404 1112 1411 Ι

395 1429 494 1489 Aliter
526 1429 564 1488 de
599 1427 645 1487 his
677 1425 831 1487 vocabulis
866 1429 1006 1508 exposuit
1038 1427 1239 1488 Doederlinus
1264 1426 1446 1508 [Synonym.

309 1533 348 1597 III
383 1539 482 1597 216⁸
543 1579 550 1594 .

351 1581 358 1611 l
396 1646 426 1702 2.·
446 1642 470 1702 J
471 1533 567 1702 alili
576 1641 765 1720 indagandus
776 1642 859 1720 leges
871 1639 1057 1714 accedemus,
1065 1640 1174 1720 quibus
1190 1640 1314 1699 Tacitus
1322 1639 1353 1698 in
1364 1657 1444 1698 oom-

308 1751 456 1833 ponendis
479 1751 657 1830 synonymis
678 1769 711 1809 se
733 1749 853 1819 videtur
876 1748 1083 1809 obstrinxisse.

392 1855 439 1915 Ac
471 1873 563 1934 saepe
586 1852 744 1913 observavi
776 1853 870 1914 verba
899 1852 1051 1913 slmillims
1083 1850 1300 1929 significatione
1322 1871 1444 1931 compo·

307 1967 366 2024 site
387 1983 423 2024 eo
445 1961 639 2022 fieridiversu
661 1961 879 2043 quodulterum
903 1980 940 2020 ex
963 1960 1058 2020 altere
1078 1959 1231 2037 cogitandi
1252 1961 1367 2020 ratione
1389 1979 1443 2039 po·

306 2071 395 2130 situm
418 2070 464 2141 sit,
500 2067 580 2128 unde
602 2087 692 2147 quam
714 2067 844 2129 maxime
867 2066 994 2126 efficitur
1016 2064 1177 2126 dilucidum
1201 2066 1274 2126 illud
1298 2068 1443 2128 orationis

307 2187 338 2239 et
359 2178 492 2253 illustre,
521 2196 557 2235 uc
578 2175 774 2257 parcissisr'nis
797 2174 902 2236 modis.
949 2173 999 2235 Sic
1021 2175 1101 2235 Hist.
1124 2169 1160 2247 11,
1198 2177 1251 2234 21:
1290 2181 1382 2252 operti
1400 2182 1443 2235 iu-

306 2288 440 2358 caottqos,
463 2282 545 2360 prins
568 2299 607 2342 ex
628 2286 715 2360 perte
739 2299 840 2338 eorum
862 2279 1026 2356 cogitatum
1048 2287 1103 2352 est,
1141 2280 1192 2358 qui
1212 2279 1315 2340 urbem
1328 2279 1442 2356 ¹delen·

307 2386 390 2460 dunt,
423 2386 550 2446 alterum
574 2404 612 2444 ex
634 2393 721 2463 parte
744 2391 995 2462 oppugnatorum.
1018 2417 1058 2428 -
1081 2383 1162 2445 Hist.
1185 2378 1235 2458 III,
1265 2385 1327 2444 84:
1358 2397 1442 2445 terret

307 2500 428 2554 coldodo
448 2506 473 2553 st
494 2505 612 2552 lucentes
636 2488 741 2569 zoct1j;
780 2489 883 2551 vocab.
919 2495 1039 2552 solitudo
1061 2491 1193 2569 pertinet
1214 2489 1254 2550 ad
1275 2490 1441 2566 Vitellium,

307 2605 358 2683 qui
378 2602 458 2662 solus
482 2621 514 2661 se
536 2600 621 2661 videt
641 2601 671 2658 in
682 2600 800 2659 Palatio
823 2608 910 2658 vasto
933 2619 969 2657 ac
994 2599 1128 2669 deserto,
1152 2598 1278 2659 alterum
1301 2597 1442 2678 designat

303 2713 369 2789 ipsu
389 2711 455 2769 loca
485 2709 546 2767 ulto
570 2715 600 2766 et
622 2705 743 2765 horrido
771 2707 890 2764 silentio
902 2706 1052 2783 jacentia.
1096 2707 1226 2764 solitudo
1257 2705 1348 2784 plene
1377 2726 1440 2767 res·

303 2817 418 2897 pondet
439 2826 558 2876 nostro:
586 2813 784 2887 Eineemkeit,
808 2833 907 2893 neque
929 2813 1016 2872 aliter
1037 2791 1234 2890 intelligendu
1255 2821 1324 2874 sunt
1346 2814 1441 2875 verbu

303 2925 384 2984 Ann.
406 2920 488 2999 XIII,
513 2926 570 2986 55:
603 2946 636 2983 rte
656 2929 812 2982 castitatem
834 2936 859 2982 st
879 2926 1055 2982 solitudinem
1075 2927 1198 2997 mallent,
1231 2944 1314 2998 qoam
1336 2928 1439 2984 amicos

298 3038 426 3108 populos.
470 3032 519 3091 Ex
541 3031 607 3091 eliis
630 3031 823 3110 scriptoribus
847 3031 1067 3110 conspicientur
1091 3030 1231 3110 exempla
1253 3007 1334 3110 apud
1357 3032 1438 3092 Doe-

303 3140 377 3202 derl.
399 3134 449 3214 Ill,
480 3141 553 3209 226,
583 3147 612 3197 et
633 3137 756 3200 Ramsh.
775 3132 810 3211 II,
845 3139 919 3198 482.
944 3153 981 3181 ’-
1007 3139 1086 3199 Ann.
1110 3132 1131 3212 I,
1156 3139 1211 3196 29:
1233 3151 1315 3213 nepot
1335 3163 1364 3198 se
1385 3153 1439 3200 ter-

301 3270 364 3308 rore
386 3261 411 3308 st
433 3251 514 3306 minis
535 3249 616 3320 eieci,
648 3245 676 3308 h.
701 3266 726 3305 e.
751 3257 866 3305 terrore
900 3264 964 3320 sno,
986 3245 1074 3304 minis
1096 3243 1234 3317 militum,
1263 3246 1320 3304 nisi
1341 3249 1438 3306 mavis

301 3354 394 3414 etiam
418 3353 595 3414 vocabulum
617 3365 721 3412 terrore
743 3370 833 3411 sensu
855 3354 954 3412 activo
976 3354 1080 3431 accipi,
1103 3353 1147 3412 ita
1168 3360 1202 3409 ut
1224 3350 1306 3411 locus
1329 3351 1438 3411 eodem

301 3459 391 3520 modo
413 3467 604 3540 comparatus
627 3460 667 3519 sit
688 3479 723 3518 oc
746 3461 825 3518 Ann.
848 3454 930 3533 XIII,
954 3462 1007 3520 14:
1040 3461 1202 3536 Agrippino
1222 3479 1301 3517 mere
1322 3463 1363 3516 od
1383 3470 1436 3517 ter-

298 3585 388 3624 rorem
419 3577 445 3624 et
465 3569 563 3640 minas,
595 3566 633 3626 de
664 3586 723 3646 qno
756 3566 826 3626 vide
848 3584 949 3644 supra.
995 3564 1054 3625 Sed
1084 3565 1247 3626 verisimile
1280 3573 1334 3638 est,
1371 3572 1435 3624 tum

300 3669 413 3730 dixisse
426 3670 588 3732 Tacitum:
612 3693 645 3734 se
667 3673 754 3732 minis
778 3680 809 3732 et
830 3681 945 3731 terrore
967 3672 1052 3733 vinci„
1077 3649 1118 3715 ζ-
1142 3671 1221 3732 Ann.
1232 3667 1255 3746 I,
1278 3673 1338 3730 42:
1354 3676 1436 3730 divus

298 3781 438 3852 Acpcstus
472 3783 549 3837 voce
582 3793 607 3840 ot
639 3793 749 3856 aspectu
770 3785 903 3839 Actiacas
933 3783 1051 3853 leptooes
1072 3782 1208 3838 cctcmmit.
1254 3777 1304 3837 Ad
1327 3778 1435 3856 vocab,

216 3957 218 3962 Α
297 3888 375 3943 subu
402 3883 558 3961 Augustus
587 3887 714 3966 subjecti
736 3889 833 3948 vicem
856 3889 992 3960 sustinet,
1021 3885 1061 3946 ad
1094 3897 1206 3959 aspectu
1228 3884 1371 3961 legiones,
1395 3885 1435 3948 cf.

299 3989 379 4048 Anu.
401 3985 450 4063 III,
474 3990 532 4050 45:
565 3995 690 4050 viderent
716 3997 798 4050 modo
820 3998 951 4053 adeerrm
972 4006 997 4052 ct
1019 3997 1235 4068 adspiceretstw.
1279 3991 1360 4049 Hirt.
1382 3985 1433 4069 III,

301 4098 355 4156 17:
387 4102 504 4172 iusipm'c
530 4103 609 4160 ‘lomi
640 4104 801 4174 conspicuos
826 4105 890 4160 scis.
936 4100 1023 4162 Caes.
1056 4101 1085 4162 b.
1108 4120 1138 4177 g.
1161 4093 1225 4172 VII,
1259 4101 1316 4160 76:
1346 4118 1434 4172 oeque
1460 4151 1463 4156 .

298 4221 359 4268 orat
395 4215 514 4270 omnium
546 4217 699 4288 quisquam,
739 4219 788 4288 poi
823 4228 963 4291 aspectum
998 4221 1080 4275 modo
1118 4225 1213 4273 tantos
1247 4215 1434 4272 multitudiuis

366 4447 399 4515 l)
418 4449 483 4513 Verg.
501 4452 556 4502 Ion.
575 4452 612 4512 Vl,
631 4449 695 4501 265:
723 4451 781 4502 loca
797 4459 868 4502 nocte
885 4454 996 4503 tacentia
1014 4452 1079 4506 late:
1106 4450 1201 4512 Goebsl,
1219 4462 1270 4512 pag.
1289 4445 1331 4498 13.
1350 4475 1385 4484 -
