3188 5252
660 318 722 378 117

131 490 296 570 disjunctae
312 508 345 548 ac
364 494 521 569 separatae
535 494 604 550 suut
624 487 683 548 hae
693 488 868 569 particulae,
891 497 925 549 ιιι
946 510 1007 551 uon
1028 490 1187 571 interdurn,
1208 490 1260 552 ubi

128 617 173 658 res
197 596 308 670 tulerit,
332 604 384 656 ant
406 598 471 659 soni
493 597 640 658 suavioris
663 615 769 657 caussa
791 616 828 656 ea
848 597 942 659 torma
964 597 1153 671 admittatur,
1183 618 1262 678 quae

132 721 322 763 numerorum
344 699 512 777 elegantias
534 721 592 761 non
615 700 705 781 plane
728 710 881 779 congruat.
934 701 1101 762 Careamus
1120 721 1158 762 ne
1180 702 1261 763 inha-

131 809 188 870 bile
210 807 282 892 qnid
305 815 357 868 ant
380 809 519 869 vitiosum
541 808 573 868 in
595 808 651 868 hac
672 809 793 868 licentia
815 808 1040 889 deprehendere
1061 809 1145 870 nobis
1160 808 1261 870 videa-

132 937 205 978 mur.
248 917 306 978 Est
328 917 406 978 enim
429 924 490 975 tam
511 915 651 995 pusillum
675 916 833 978 discrimen
850 917 934 990 illud,
957 926 991 978 ut
1012 919 1076 978 sine
1090 917 1180 980 dubio
1202 938 1261 978 me-

130 1025 187 1086 lius
200 1023 306 1084 fecerit
314 1023 475 1110 Vergilius,
498 1024 523 1082 si
545 1043 604 1084 uno
619 1023 753 1084 alterove
773 1023 849 1097 loeo,
872 1023 1006 1104 rhythmi
1026 1021 1262 1096 rationshabita,

131 1155 215 1210 oeque
235 1133 335 1212 posuit
356 1152 411 1212 pro
433 1132 552 1213 nocive]
576 1133 641 1192 vice
655 1152 751 1204 versa,
775 1153 863 1214 quum
887 1133 967 1213 qnod
982 1153 1073 1192 versu
1086 1132 1262 1208 confragoso

131 1249 160 1300 et
180 1241 298 1316 ingrato
321 1257 407 1300 aures
430 1238 603 1299 offenderet.
655 1239 785 1300 Dihiteri
815 1239 934 1319 quidem
965 1239 1046 1299 nullo
1076 1238 1165 1299 modo
1194 1257 1263 1318 pos·

124 1367 241 1422 sumus,
264 1345 343 1406 haud
362 1366 474 1425 paucas
497 1365 566 1407 esse
587 1345 745 1406 verborum
768 1349 986 1425 commissurus,
1021 1347 1050 1406 iu
1073 1346 1179 1427 quibus
1201 1346 1263 1425 pls·
1291 1427 1294 1437 Ι

131 1475 256 1537 rumque
277 1455 327 1516 vel
350 1473 469 1534 semper
491 1454 586 1514 altera
609 1463 724 1514 tanturn
748 1454 873 1516 duarum
897 1457 1108 1534 particularum
1131 1456 1263 1515 invenia-

132 1572 186 1624 tur.
230 1562 292 1624 Sed
320 1563 570 1642 permutationem
599 1562 748 1642 quandam
779 1571 809 1622 ct
837 1563 918 1643 apud
947 1564 1075 1643 optimos
1104 1563 1263 1650 scpiptores

131 1672 278 1735 interdum
302 1671 455 1732 observari
476 1689 574 1750 posse,
598 1672 688 1731 etiam
709 1672 847 1746 Handius
870 1672 1016 1732 coneedit.
1046 1672 1148 1754 Atque
1162 1692 1263 1753 quarn·

132 1782 175 1840 vis
199 1780 357 1858 diligenter
380 1787 410 1840 et
431 1779 554 1860 proprie
576 1779 739 1839 excoluerit
761 1779 861 1839 stilum
884 1799 969 1840 snum
992 1782 1131 1854 Tacitus,
1164 1789 1264 1841 tamen

134 1909 170 1950 ex
191 1909 247 1949 usn
269 1888 397 1969 quodam
420 1907 509 1968 quem
532 1888 562 1946 in
585 1886 761 1946 adhibendis
784 1887 936 1966 particulis
965 1909 1014 1948 osc
1035 1886 1082 1948 vel
1104 1907 1190 1964 neque
1212 1887 1263 1950 ob·

132 2018 267 2060 servasse
290 1997 362 2058 mihi
385 1996 515 2069 viderer,
538 2015 576 2055 ns
598 2015 689 2055 unum
711 1994 832 2077 quidem
855 1997 952 2056 locum
974 2004 1090 2058 mutare
1111 1996 1264 2060 audersm.

132 2143 171 2154 -
195 2107 337 2168 Ceterum
359 2124 418 2164 nou
441 2105 484 2162 itu
505 2104 592 2183 parvi
615 2104 671 2162 erit
693 2105 845 2178 momenti,
869 2103 1035 2166 dotalibus
1058 2104 1175 2166 dicendi
1196 2125 1263 2185 pro·

131 2211 308 2294 prietatihus
330 2210 432 2290 paullo
454 2208 620 2268 accuratius
644 2226 795 2286 quaerere.

214 2319 349 2379 Primum
372 2337 411 2378 sx
430 2316 553 2376 fortiora
576 2317 607 2376 vi
628 2322 707 2396 part.
729 2336 778 2376 ose
799 2316 975 2395 explicatur,
997 2315 1127 2376 curtare
1146 2334 1263 2396 semper

131 2423 171 2484 ibi
194 2423 292 2484 locum
314 2419 433 2494 haheat,
455 2420 506 2480 ubi
527 2419 628 2480 litotes
651 2418 796 2498 quaedam
819 2419 984 2479 exhibetur.
1029 2418 1079 2479 Sic
1101 2439 1221 2499 semper
1244 2441 1263 2480 a

130 2529 237 2589 Tacito
261 2527 382 2588 dicitnr:
406 2531 532 2588 nesciui
540 2524 571 2606 1),
593 2546 852 2607 numquamacqae
871 2529 933 2602 cisi,
956 2544 1039 2585 acne
1054 2534 1117 2586 tum
1133 2527 1263 2608 qnidam,

130 2639 155 2698 si
179 2627 326 2698 vocabulo
348 2637 406 2695 alio
429 2636 606 2714 interposito
630 2642 816 2713 separantur.
870 2635 946 2696 Item
968 2655 1017 2694 osc
1038 2639 1113 2710 rino3
1140 2656 1188 2695 occ
1209 2658 1263 2696 non

130 2746 212 2828 apud
234 2745 374 2805 Tacitum
395 2764 454 2804 uon
475 2744 634 2806 invenitur.
685 2743 765 2804 Tum
788 2752 858 2806 ante
886 2741 1031 2804 voeabula
1053 2744 1153 2826 qualia
1174 2753 1262 2806 sunt:

129 2861 250 2930 meins,
272 2860 387 2932 lpum-rra
409 2855 467 2914 alia
490 2854 618 2933 scriptor
641 2855 734 2914 utitur
744 2853 891 2933 particula
912 2875 968 2929 nac,
991 2873 1170 2935 quamquam
1193 2875 1262 2915 ann.

132 2966 218 3040 XVI,
243 2967 284 3024 14
303 2972 424 3026 exstat:
445 2959 531 3039 nequo
552 2967 680 3024 metum.
692 2996 733 3009 -
754 2962 849 3022 Porro
871 2981 990 3042 semper
1013 2961 1085 3022 dicit
1109 2985 1157 3023 uec
1177 2969 1259 3040 albu,

132 3094 181 3133 asc
200 3077 354 3150 ριιεριιαιη,
376 3093 425 3132 occ
444 3092 561 3148 suorum
583 3077 657 3147 cet.;
694 3077 798 3130 eontra
820 3093 906 3146 acque
927 3078 991 3130 tum
1012 3078 1129 3132 tantum
1151 3074 1177 3131 si
1198 3092 1263 3133 ver·

133 3182 203 3244 bum
218 3197 219 3202 ’
234 3180 387 3263 quoddam
414 3175 634 3260 interjiciturll.
689 3171 818 3240 Tamen'
834 3178 871 3239 ah
900 3178 956 3239 hae
983 3180 1089 3259 regula
1119 3181 1264 3242 recedunt

131 3292 191 3354 dno
215 3291 283 3364 loci,
306 3289 357 3370 qui
380 3296 450 3348 sunt
471 3288 540 3347 hist.
561 3287 619 3361 IV,
642 3288 699 3346 23:
721 3307 806 3362 neque
827 3309 965 3363 wsrpuom,
989 3294 1019 3348 et
1040 3287 1114 3366 Agr.
1138 3291 1194 3350 38:
1218 3311 1261 3350 ne·

129 3421 183 3476 quo
204 3419 329 3473 mquam.
373 3394 491 3456 Deinde
514 3393 624 3470 legitur
644 3413 708 3474 osc,
739 3394 764 3452 si
795 3394 854 3453 alio
884 3396 989 3474 quovis
1015 3395 1105 3455 modo
1134 3398 1262 3475 negatio,

129 3526 207 3588 quae
230 3504 304 3564 latet
327 3504 356 3563 iu
378 3523 427 3562 occ
455 3500 493 3561 ad
522 3521 614 3561 unum
641 3507 757 3560 tantum
779 3501 944 3560 sententiae
973 3500 1096 3562 verbum
1125 3507 1263 3583 partinet.

132 3613 194 3674 Sed
205 3613 262 3673 hae
283 3613 314 3671 iu
336 3608 504 3670 rs—utid
526 3607 581 3668 hae
604 3607 676 3669 data
697 3608 853 3669 occasione
874 3607 1262 3674 admoneam-admodum

129 3721 255 3782 licenter
278 3720 338 3796 agit
361 3718 495 3789 Tacitus,
516 3716 559 3776 ita
574 3723 607 3775 ιιι
628 3715 709 3777 haud
732 3736 799 3776 raro
821 3716 985 3796 paullulum
1003 3717 1177 3781 obscuretur
1199 3741 1263 3782 sen·

129 3843 191 3886 sus.
235 3821 326 3898 Quod
347 3821 498 3898 intelligas
529 3838 568 3880 ex
590 3839 660 3881 ann.
681 3807 778 3893 XIV,
801 3822 856 3882 58:
897 3825 964 3896 quin
990 3835 1016 3882 et
1041 3827 1140 3883 Αιιαιιι
1166 3832 1265 3895 fucore

123 3937 241 4008 juvenis
262 3953 343 3991 armo
364 3931 480 4018 cepsbse',
501 3949 550 3988 coc
569 3931 669 3987 milites
691 3935 732 3988 ad
757 3935 845 3989 scelus
864 3934 961 3990 muros
991 3942 1039 3992 urst
1060 3953 1172 3993 numm
1192 3939 1262 3994 oali·

128 4049 181 4103 dos
203 4053 252 4099 ant
270 4044 363 4099 mimo
380 4049 524 4114 promptos
546 4069 586 4082 -
609 4042 649 4096 ud
671 4057 733 4112 spes
754 4058 840 4098 uocas
861 4042 1006 4116 trucciae,
1029 4035 1098 4121 :quo
1121 4038 1186 4099 loeo
1209 4060 1261 4121 pu·

203 4317 233 4386 1)
253 4317 370 4369 iuvenitur
387 4317 444 4367 haec
459 4319 566 4380 junctura
584 4314 625 4364 his
640 4312 710 4366 loeis:
729 4315 785 4365 Anu.
804 4317 843 4368 ιιι.
861 4317 903 4368 24.
923 4318 966 4370 tu.
982 4320 1018 4382 IV,
1031 4319 1073 4372 46.
1093 4321 1131 4383 ιιι,
1152 4319 1192 4372 18.
1203 4321 1263 4382 ιιιιι,

131 4413 175 4466 36.
195 4412 241 4476 ιιι,
260 4410 302 4461 29.
321 4409 365 4461 69.
383 4409 441 4460 lllst.
460 4409 478 4472 l,
498 4407 540 4459 53.
559 4407 636 4458 Germ.
655 4405 698 4456 36.
717 4405 759 4457 31.

204 4501 235 4574 2)
253 4504 311 4554 hun.
330 4501 367 4564 ιι,
386 4500 428 4552 39.
447 4500 490 4552 bl.
507 4500 545 4562 ιι,
564 4499 590 4563 2,
605 4498 649 4551 26.
667 4499 716 4562 llll,
736 4498 760 4550 6.
778 4501 824 4565 ιιι,
844 4501 886 4555 51.
