<?xml version="1.0" encoding="UTF-8"?>
<!DOCTYPE html PUBLIC "-//W3C//DTD XHTML 1.0 Transitional//EN"
    "http://www.w3.org/TR/xhtml1/DTD/xhtml1-transitional.dtd">
<html xmlns="http://www.w3.org/1999/xhtml" xml:lang="en" lang="en">
 <head>
  <title>
</title>
<meta http-equiv="Content-Type" content="text/html;charset=utf-8" />
  <meta name='ocr-system' content='tesseract 3.04.00' />
  <meta name='ocr-capabilities' content='ocr_page ocr_carea ocr_par ocr_line ocrx_word'/>
</head>
<body>
  <div class='ocr_page' id='page_1' title='image "./detacitiincompo00spitgoog_0149.png"; bbox 0 0 3188 5252; ppageno 0'>
   <div class='ocr_carea' id='block_1_1' title="bbox 850 301 910 362">
    <p class='ocr_par' dir='ltr' id='par_1_1' title="bbox 850 301 910 362">
     <span class='ocr_line' id='line_1_1' title="bbox 850 301 910 362; baseline -0.033 0"><span class='ocrx_word' id='word_1_1' title='bbox 850 301 910 362; x_wconf 79' lang='lat'><strong>138</strong></span> 
     </span>
    </p>
   </div>
   <div class='ocr_carea' id='block_1_2' title="bbox 219 471 1460 659">
    <p class='ocr_par' dir='ltr' id='par_1_2' title="bbox 219 471 1460 659">
     <span class='ocr_line' id='line_1_2' title="bbox 219 471 1459 552; baseline -0.002 -17"><span class='ocrx_word' id='word_1_2' title='bbox 219 533 224 550; x_wconf 64' lang='grc'>,</span> <span class='ocrx_word' id='word_1_3' title='bbox 315 475 390 535; x_wconf 85' lang='lat' dir='ltr'><strong>haec</strong></span> <span class='ocrx_word' id='word_1_4' title='bbox 413 473 520 546; x_wconf 82' lang='lat' dir='ltr'><strong>vocula</strong></span> <span class='ocrx_word' id='word_1_5' title='bbox 544 472 695 533; x_wconf 84' lang='lat' dir='ltr'><strong>invenitur</strong></span> <span class='ocrx_word' id='word_1_6' title='bbox 718 507 759 518; x_wconf 91' lang='lat'>-</span> <span class='ocrx_word' id='word_1_7' title='bbox 783 489 881 552; x_wconf 90' lang='lat' dir='ltr'><strong>neque</strong></span> <span class='ocrx_word' id='word_1_8' title='bbox 903 473 946 532; x_wconf 84' lang='lat' dir='ltr'><strong>ite</strong></span> <span class='ocrx_word' id='word_1_9' title='bbox 969 491 1094 551; x_wconf 83' lang='lat' dir='ltr'><strong>magnus</strong></span> <span class='ocrx_word' id='word_1_10' title='bbox 1118 479 1164 532; x_wconf 83' lang='lat' dir='ltr'><strong>est</strong></span> <span class='ocrx_word' id='word_1_11' title='bbox 1186 491 1326 532; x_wconf 86' lang='lat' dir='ltr'><strong>uumerus</strong></span> <span class='ocrx_word' id='word_1_12' title='bbox 1343 504 1383 516; x_wconf 56' lang='grc' dir='ltr'><strong>-κ</strong></span> <span class='ocrx_word' id='word_1_13' title='bbox 1402 471 1459 532; x_wconf 86' lang='lat' dir='ltr'><strong>has</strong></span> 
     </span>
     <span class='ocr_line' id='line_1_3' title="bbox 316 567 1460 659; baseline -0.001 -17"><span class='ocrx_word' id='word_1_14' title='bbox 316 583 347 642; x_wconf 92' lang='lat' dir='ltr'><strong>in</strong></span> <span class='ocrx_word' id='word_1_15' title='bbox 366 583 477 642; x_wconf 78' lang='lat' dir='ltr'><strong>classes</strong></span> <span class='ocrx_word' id='word_1_16' title='bbox 501 581 606 656; x_wconf 87' lang='lat' dir='ltr'><strong>digeri.</strong></span> <span class='ocrx_word' id='word_1_17' title='bbox 663 579 937 659; x_wconf 84' lang='lat' dir='ltr'><strong>Frequentissimus</strong></span> <span class='ocrx_word' id='word_1_18' title='bbox 970 567 1016 640; x_wconf 89' lang='lat' dir='ltr'><strong>est</strong></span> <span class='ocrx_word' id='word_1_19' title='bbox 1045 597 1134 656; x_wconf 82' lang='lat' dir='ltr'><strong>usus,</strong></span> <span class='ocrx_word' id='word_1_20' title='bbox 1172 581 1197 640; x_wconf 88' lang='lat' dir='ltr'><strong>si</strong></span> <span class='ocrx_word' id='word_1_21' title='bbox 1215 581 1281 659; x_wconf 89' lang='lat' dir='ltr'><strong>jam</strong></span> <span class='ocrx_word' id='word_1_22' title='bbox 1303 580 1460 642; x_wconf 77' lang='lat' dir='ltr'><strong>antecedit</strong></span> 
     </span>
    </p>
   </div>
   <div class='ocr_carea' id='block_1_3' title="bbox 162 687 1459 769">
    <p class='ocr_par' dir='ltr' id='par_1_3' title="bbox 162 687 1459 769">
     <span class='ocr_line' id='line_1_4' title="bbox 162 687 1459 769; baseline -0.002 -18"><span class='ocrx_word' id='word_1_23' title='bbox 162 724 167 734; x_wconf 86' lang='lat'><strong>·</strong></span> <span class='ocrx_word' id='word_1_24' title='bbox 274 743 275 746; x_wconf 65' lang='grc'>,</span> <span class='ocrx_word' id='word_1_25' title='bbox 316 691 466 751; x_wconf 87' lang='lat' dir='ltr'><strong>sententia</strong></span> <span class='ocrx_word' id='word_1_26' title='bbox 486 688 635 769; x_wconf 80' lang='lat' dir='ltr'><strong>quaedam</strong></span> <span class='ocrx_word' id='word_1_27' title='bbox 657 687 770 763; x_wconf 86' lang='lat' dir='ltr'><strong>finalis,</strong></span> <span class='ocrx_word' id='word_1_28' title='bbox 804 688 854 748; x_wconf 86' lang='lat' dir='ltr'><strong>vel</strong></span> <span class='ocrx_word' id='word_1_29' title='bbox 887 689 913 747; x_wconf 85' lang='lat' dir='ltr'><strong>si</strong></span> <span class='ocrx_word' id='word_1_30' title='bbox 935 688 965 748; x_wconf 88' lang='lat' dir='ltr'><strong>in</strong></span> <span class='ocrx_word' id='word_1_31' title='bbox 988 688 1041 748; x_wconf 88' lang='lat' dir='ltr'><strong>tali</strong></span> <span class='ocrx_word' id='word_1_32' title='bbox 1063 690 1210 750; x_wconf 86' lang='lat' dir='ltr'><strong>sententia</strong></span> <span class='ocrx_word' id='word_1_33' title='bbox 1232 689 1351 769; x_wconf 78' lang='lat' dir='ltr'><strong>singula</strong></span> <span class='ocrx_word' id='word_1_34' title='bbox 1373 691 1459 749; x_wconf 86' lang='lat' dir='ltr'><strong>notio</strong></span> 
     </span>
    </p>
   </div>
   <div class='ocr_carea' id='block_1_4' title="bbox 316 791 1461 1528">
    <p class='ocr_par' dir='ltr' id='par_1_4' title="bbox 316 791 1461 1528">
     <span class='ocr_line' id='line_1_5' title="bbox 317 791 1459 879; baseline 0 -21"><span class='ocrx_word' id='word_1_35' title='bbox 317 797 572 876; x_wconf 13' lang='lat' dir='ltr'><strong>negativormodc</strong></span> <span class='ocrx_word' id='word_1_36' title='bbox 595 795 781 876; x_wconf 86' lang='lat' dir='ltr'><strong>adjungitur.</strong></span> <span class='ocrx_word' id='word_1_37' title='bbox 826 791 946 877; x_wconf 85' lang='lat' dir='ltr'><strong>ltaque,</strong></span> <span class='ocrx_word' id='word_1_38' title='bbox 971 806 1005 858; x_wconf 87' lang='lat' dir='ltr'><strong>ut</strong></span> <span class='ocrx_word' id='word_1_39' title='bbox 1028 807 1170 879; x_wconf 79' lang='lat' dir='ltr'><strong>apparet,</strong></span> <span class='ocrx_word' id='word_1_40' title='bbox 1192 798 1367 879; x_wconf 85' lang='lat' dir='ltr'><strong>plerumque</strong></span> <span class='ocrx_word' id='word_1_41' title='bbox 1388 819 1459 878; x_wconf 86' lang='lat' dir='ltr'><strong>par·</strong></span> 
     </span>
     <span class='ocr_line' id='line_1_6' title="bbox 318 899 1457 983; baseline 0.001 -18"><span class='ocrx_word' id='word_1_42' title='bbox 318 906 409 968; x_wconf 87' lang='lat' dir='ltr'><strong>ticula</strong></span> <span class='ocrx_word' id='word_1_43' title='bbox 430 919 461 965; x_wconf 85' lang='lat' dir='ltr'><strong>nt</strong></span> <span class='ocrx_word' id='word_1_44' title='bbox 484 905 531 966; x_wconf 86' lang='lat' dir='ltr'><strong>vel</strong></span> <span class='ocrx_word' id='word_1_45' title='bbox 552 925 586 963; x_wconf 89' lang='lat' dir='ltr'><strong>nc</strong></span> <span class='ocrx_word' id='word_1_46' title='bbox 607 903 775 964; x_wconf 78' lang='lat' dir='ltr'><strong>antecedet.</strong></span> <span class='ocrx_word' id='word_1_47' title='bbox 829 904 932 983; x_wconf 89' lang='lat' dir='ltr'><strong>Atque</strong></span> <span class='ocrx_word' id='word_1_48' title='bbox 962 905 1110 964; x_wconf 88' lang='lat' dir='ltr'><strong>invenitur</strong></span> <span class='ocrx_word' id='word_1_49' title='bbox 1131 918 1162 964; x_wconf 85' lang='lat' dir='ltr'><strong>nt</strong></span> <span class='ocrx_word' id='word_1_50' title='bbox 1184 899 1258 965; x_wconf 87' lang='lat' dir='ltr'><strong>Anu.</strong></span> <span class='ocrx_word' id='word_1_51' title='bbox 1281 905 1307 979; x_wconf 94' lang='grc' dir='ltr'><strong>Ι,</strong></span> <span class='ocrx_word' id='word_1_52' title='bbox 1333 906 1392 966; x_wconf 74' lang='lat'><strong>422</strong></span> <span class='ocrx_word' id='word_1_53' title='bbox 1424 919 1457 966; x_wconf 83' lang='lat' dir='ltr'><strong>nt</strong></span> 
     </span>
     <span class='ocr_line' id='line_1_7' title="bbox 322 1016 1460 1091; baseline 0.002 -17"><span class='ocrx_word' id='word_1_54' title='bbox 322 1019 461 1091; x_wconf 70' lang='lat' dir='ltr'><strong>quidquid</strong></span> <span class='ocrx_word' id='word_1_55' title='bbox 491 1019 557 1072; x_wconf 82' lang='lat' dir='ltr'><strong>istnt</strong></span> <span class='ocrx_word' id='word_1_56' title='bbox 586 1016 696 1072; x_wconf 82' lang='lat' dir='ltr'><strong>sceleris</strong></span> <span class='ocrx_word' id='word_1_57' title='bbox 724 1017 860 1087; x_wconf 79' lang='lat' dir='ltr'><strong>imminet,</strong></span> <span class='ocrx_word' id='word_1_58' title='bbox 899 1036 957 1075; x_wconf 85' lang='lat' dir='ltr'><strong>meo</strong></span> <span class='ocrx_word' id='word_1_59' title='bbox 978 1027 1085 1074; x_wconf 78' lang='lat' dir='ltr'><strong>tantumn</strong></span> <span class='ocrx_word' id='word_1_60' title='bbox 1105 1017 1239 1088; x_wconf 69' lang='lat' dir='ltr'><strong>sanquine</strong></span> <span class='ocrx_word' id='word_1_61' title='bbox 1256 1019 1359 1090; x_wconf 80' lang='lat' dir='ltr'><strong>pietur,</strong></span> <span class='ocrx_word' id='word_1_62' title='bbox 1393 1037 1460 1076; x_wconf 87' lang='lat' dir='ltr'><strong>nene</strong></span> 
     </span>
     <span class='ocr_line' id='line_1_8' title="bbox 319 1124 1457 1197; baseline -0.002 -12"><span class='ocrx_word' id='word_1_63' title='bbox 319 1129 422 1185; x_wconf 83' lang='lat' dir='ltr'><strong>occisns</strong></span> <span class='ocrx_word' id='word_1_64' title='bbox 444 1126 563 1197; x_wconf 82' lang='lat' dir='ltr'><strong>Anpnsti</strong></span> <span class='ocrx_word' id='word_1_65' title='bbox 579 1143 727 1196; x_wconf 81' lang='lat' dir='ltr'><strong>pronepos,</strong></span> <span class='ocrx_word' id='word_1_66' title='bbox 748 1125 896 1193; x_wconf 64' lang='lat' dir='ltr'><strong>interfecto</strong></span> <span class='ocrx_word' id='word_1_67' title='bbox 919 1124 1023 1180; x_wconf 67' lang='lat' dir='ltr'><strong>tibere</strong></span> <span class='ocrx_word' id='word_1_68' title='bbox 1043 1143 1128 1180; x_wconf 78' lang='lat' dir='ltr'><strong>nenne</strong></span> <span class='ocrx_word' id='word_1_69' title='bbox 1149 1127 1317 1182; x_wconf 70' lang='lat' dir='ltr'><strong>nocentiores</strong></span> <span class='ocrx_word' id='word_1_70' title='bbox 1337 1146 1386 1183; x_wconf 84' lang='lat' dir='ltr'><strong>cos</strong></span> <span class='ocrx_word' id='word_1_71' title='bbox 1409 1131 1457 1195; x_wconf 72' lang='lat' dir='ltr'><strong>ta·</strong></span> 
     </span>
     <span class='ocr_line' id='line_1_9' title="bbox 317 1228 1461 1305; baseline -0.003 -12"><span class='ocrx_word' id='word_1_72' title='bbox 317 1237 380 1293; x_wconf 90' lang='lat' dir='ltr'><strong>ciot.</strong></span> <span class='ocrx_word' id='word_1_73' title='bbox 425 1231 465 1304; x_wconf 92' lang='lat'><strong>11,</strong></span> <span class='ocrx_word' id='word_1_74' title='bbox 488 1233 546 1301; x_wconf 84' lang='lat'><strong>833</strong></span> <span class='ocrx_word' id='word_1_75' title='bbox 580 1231 661 1290; x_wconf 89' lang='lat' dir='ltr'><strong>Hist.</strong></span> <span class='ocrx_word' id='word_1_76' title='bbox 683 1229 743 1303; x_wconf 84' lang='lat' dir='ltr'><strong>1v,</strong></span> <span class='ocrx_word' id='word_1_77' title='bbox 769 1231 894 1305; x_wconf 82' lang='lat' dir='ltr'><strong>323nc:</strong></span> <span class='ocrx_word' id='word_1_78' title='bbox 932 1228 1014 1288; x_wconf 85' lang='lat' dir='ltr'><strong>Anu.</strong></span> <span class='ocrx_word' id='word_1_79' title='bbox 1038 1228 1064 1301; x_wconf 88' lang='grc' dir='ltr'><strong>Ι,</strong></span> <span class='ocrx_word' id='word_1_80' title='bbox 1089 1230 1125 1293; x_wconf 85' lang='lat'><strong>5:</strong></span> <span class='ocrx_word' id='word_1_81' title='bbox 1158 1235 1263 1290; x_wconf 83' lang='lat' dir='ltr'><strong>monuit</strong></span> <span class='ocrx_word' id='word_1_82' title='bbox 1291 1235 1405 1290; x_wconf 77' lang='lat' dir='ltr'><strong>Irivimn</strong></span> <span class='ocrx_word' id='word_1_83' title='bbox 1425 1253 1461 1290; x_wconf 82' lang='lat' dir='ltr'><strong>nc</strong></span> 
     </span>
     <span class='ocr_line' id='line_1_10' title="bbox 318 1307 1458 1413; baseline -0.002 -13"><span class='ocrx_word' id='word_1_84' title='bbox 318 1362 426 1400; x_wconf 72' lang='lat' dir='ltr'><strong>menno</strong></span> <span class='ocrx_word' id='word_1_85' title='bbox 448 1345 546 1398; x_wconf 75' lang='lat' dir='ltr'><strong>domne</strong></span> <span class='ocrx_word' id='word_1_86' title='bbox 567 1360 601 1396; x_wconf 90' lang='lat' dir='ltr'><strong>ne</strong></span> <span class='ocrx_word' id='word_1_87' title='bbox 622 1307 739 1397; x_wconf 82' lang='lat' dir='ltr'><strong>concilio</strong></span> <span class='ocrx_word' id='word_1_88' title='bbox 762 1341 912 1398; x_wconf 80' lang='lat' dir='ltr'><strong>amicornm</strong></span> <span class='ocrx_word' id='word_1_89' title='bbox 918 1382 927 1412; x_wconf 90' lang='grc'>,</span> <span class='ocrx_word' id='word_1_90' title='bbox 949 1342 1104 1396; x_wconf 82' lang='lat' dir='ltr'><strong>ministerio</strong></span> <span class='ocrx_word' id='word_1_91' title='bbox 1129 1342 1248 1398; x_wconf 79' lang='lat' dir='ltr'><strong>rnilitum</strong></span> <span class='ocrx_word' id='word_1_92' title='bbox 1268 1344 1458 1413; x_wconf 79' lang='lat' dir='ltr'><strong>eriperentur,</strong></span> 
     </span>
     <span class='ocr_line' id='line_1_11' title="bbox 316 1450 1459 1528; baseline -0.002 -18"><span class='ocrx_word' id='word_1_93' title='bbox 316 1471 383 1510; x_wconf 88' lang='lat' dir='ltr'><strong>nene</strong></span> <span class='ocrx_word' id='word_1_94' title='bbox 400 1453 530 1508; x_wconf 65' lang='lat' dir='ltr'><strong>diderint</strong></span> <span class='ocrx_word' id='word_1_95' title='bbox 549 1451 605 1506; x_wconf 85' lang='lat' dir='ltr'><strong>cim</strong></span> <span class='ocrx_word' id='word_1_96' title='bbox 621 1450 800 1522; x_wconf 69' lang='lat' dir='ltr'><strong>principatus</strong></span> <span class='ocrx_word' id='word_1_97' title='bbox 820 1452 966 1506; x_wconf 78' lang='lat' dir='ltr'><strong>resolveret</strong></span> <span class='ocrx_word' id='word_1_98' title='bbox 987 1459 1087 1528; x_wconf 32' lang='lat' dir='ltr'><strong>ennete·</strong></span> <span class='ocrx_word' id='word_1_99' title='bbox 1107 1453 1147 1506; x_wconf 83' lang='lat' dir='ltr'><strong>od</strong></span> <span class='ocrx_word' id='word_1_100' title='bbox 1168 1460 1293 1506; x_wconf 85' lang='lat' dir='ltr'><strong>senottnn</strong></span> <span class='ocrx_word' id='word_1_101' title='bbox 1324 1455 1459 1508; x_wconf 84' lang='lat' dir='ltr'><strong>nocendo.</strong></span> 
     </span>
    </p>
   </div>
   <div class='ocr_carea' id='block_1_5' title="bbox 315 1525 1466 4003">
    <p class='ocr_par' dir='ltr' id='par_1_5' title="bbox 315 1525 1464 3353">
     <span class='ocr_line' id='line_1_12' title="bbox 316 1525 1455 1629; baseline -0.004 -14"><span class='ocrx_word' id='word_1_102' title='bbox 316 1525 1455 1629; x_wconf 58' lang='lat' dir='ltr'><strong>nmmmmmmmmmmmmfflm</strong></span> 
     </span>
     <span class='ocr_line' id='line_1_13' title="bbox 318 1652 1460 1736; baseline 0 -16"><span class='ocrx_word' id='word_1_103' title='bbox 318 1660 388 1731; x_wconf 90' lang='lat' dir='ltr'><strong>XV,</strong></span> <span class='ocrx_word' id='word_1_104' title='bbox 413 1661 463 1718; x_wconf 83' lang='lat'><strong>22.</strong></span> <span class='ocrx_word' id='word_1_105' title='bbox 489 1660 540 1718; x_wconf 88' lang='grc'><strong>31.</strong></span> <span class='ocrx_word' id='word_1_106' title='bbox 564 1659 614 1718; x_wconf 84' lang='grc'><strong>73.</strong></span> <span class='ocrx_word' id='word_1_107' title='bbox 636 1657 717 1718; x_wconf 88' lang='lat' dir='ltr'><strong>Hist.</strong></span> <span class='ocrx_word' id='word_1_108' title='bbox 732 1652 848 1732; x_wconf 59' lang='lat' dir='ltr'><strong>inse.</strong></span> <span class='ocrx_word' id='word_1_109' title='bbox 893 1659 989 1718; x_wconf 89' lang='lat' dir='ltr'><strong>Porro</strong></span> <span class='ocrx_word' id='word_1_110' title='bbox 1012 1658 1094 1718; x_wconf 87' lang='lat' dir='ltr'><strong>hand</strong></span> <span class='ocrx_word' id='word_1_111' title='bbox 1117 1679 1185 1718; x_wconf 89' lang='lat' dir='ltr'><strong>raro</strong></span> <span class='ocrx_word' id='word_1_112' title='bbox 1207 1659 1317 1736; x_wconf 81' lang='lat' dir='ltr'><strong>legitur</strong></span> <span class='ocrx_word' id='word_1_113' title='bbox 1337 1660 1369 1720; x_wconf 90' lang='lat' dir='ltr'><strong>in</strong></span> <span class='ocrx_word' id='word_1_114' title='bbox 1392 1680 1460 1720; x_wconf 87' lang='lat' dir='ltr'><strong>ora-</strong></span> 
     </span>
     <span class='ocr_line' id='line_1_14' title="bbox 317 1765 1462 1848; baseline 0.002 -21"><span class='ocrx_word' id='word_1_115' title='bbox 317 1770 399 1828; x_wconf 92' lang='lat' dir='ltr'><strong>tioue</strong></span> <span class='ocrx_word' id='word_1_116' title='bbox 422 1765 576 1841; x_wconf 85' lang='lat' dir='ltr'><strong>indirecta,</strong></span> <span class='ocrx_word' id='word_1_117' title='bbox 600 1766 625 1824; x_wconf 90' lang='lat' dir='ltr'><strong>si</strong></span> <span class='ocrx_word' id='word_1_118' title='bbox 647 1767 802 1846; x_wconf 87' lang='lat' dir='ltr'><strong>praecedit</strong></span> <span class='ocrx_word' id='word_1_119' title='bbox 814 1768 1024 1845; x_wconf 87' lang='lat' dir='ltr'><strong>conjunctivus</strong></span> <span class='ocrx_word' id='word_1_120' title='bbox 1046 1767 1167 1848; x_wconf 87' lang='lat' dir='ltr'><strong>quidam</strong></span> <span class='ocrx_word' id='word_1_121' title='bbox 1189 1768 1358 1827; x_wconf 85' lang='lat' dir='ltr'><strong>hortativus</strong></span> <span class='ocrx_word' id='word_1_122' title='bbox 1382 1765 1462 1830; x_wconf 85' lang='lat' dir='ltr'><strong>Anu.</strong></span> 
     </span>
     <span class='ocr_line' id='line_1_15' title="bbox 318 1871 1463 1958; baseline 0.002 -22"><span class='ocrx_word' id='word_1_123' title='bbox 318 1877 341 1951; x_wconf 79' lang='grc' dir='ltr'><strong>Ι,</strong></span> <span class='ocrx_word' id='word_1_124' title='bbox 365 1878 424 1936; x_wconf 64' lang='grc'><strong>441</strong></span> <span class='ocrx_word' id='word_1_125' title='bbox 448 1871 601 1958; x_wconf 77' lang='lat' dir='ltr'><strong>(crodunt),</strong></span> <span class='ocrx_word' id='word_1_126' title='bbox 623 1887 799 1934; x_wconf 75' lang='lat' dir='ltr'><strong>reuocaretur</strong></span> <span class='ocrx_word' id='word_1_127' title='bbox 819 1880 926 1948; x_wconf 77' lang='lat' dir='ltr'><strong>eonion,</strong></span> <span class='ocrx_word' id='word_1_128' title='bbox 948 1879 1054 1935; x_wconf 79' lang='lat' dir='ltr'><strong>rediret</strong></span> <span class='ocrx_word' id='word_1_129' title='bbox 1077 1879 1213 1950; x_wconf 83' lang='lat' dir='ltr'><strong>lepiomnn</strong></span> <span class='ocrx_word' id='word_1_130' title='bbox 1235 1880 1372 1950; x_wconf 79' lang='lat' dir='ltr'><strong>alnmnnn,</strong></span> <span class='ocrx_word' id='word_1_131' title='bbox 1394 1899 1463 1938; x_wconf 85' lang='lat' dir='ltr'><strong>nece</strong></span> 
     </span>
     <span class='ocr_line' id='line_1_16' title="bbox 319 1977 1463 2065; baseline 0.002 -21"><span class='ocrx_word' id='word_1_132' title='bbox 319 2005 399 2059; x_wconf 71' lang='lat' dir='ltr'><strong>opaea</strong></span> <span class='ocrx_word' id='word_1_133' title='bbox 420 1986 515 2043; x_wconf 76' lang='lat' dir='ltr'><strong>Gollt&#39;o</strong></span> <span class='ocrx_word' id='word_1_134' title='bbox 536 1987 704 2044; x_wconf 75' lang='lat' dir='ltr'><strong>traderetur.</strong></span> <span class='ocrx_word' id='word_1_135' title='bbox 749 1977 786 2057; x_wconf 88' lang='lat' dir='ltr'><strong>ll,</strong></span> <span class='ocrx_word' id='word_1_136' title='bbox 811 1985 861 2042; x_wconf 78' lang='lat'><strong>72.</strong></span> <span class='ocrx_word' id='word_1_137' title='bbox 884 1982 972 2056; x_wconf 88' lang='lat' dir='ltr'>XVI,</span> <span class='ocrx_word' id='word_1_138' title='bbox 1000 1985 1047 2044; x_wconf 90' lang='lat'><strong>10.</strong></span> <span class='ocrx_word' id='word_1_139' title='bbox 1070 1978 1201 2056; x_wconf 81' lang='lat' dir='ltr'><strong>Hiscll,</strong></span> <span class='ocrx_word' id='word_1_140' title='bbox 1224 1985 1265 2044; x_wconf 85' lang='grc'><strong>48</strong></span> <span class='ocrx_word' id='word_1_141' title='bbox 1290 1983 1364 2065; x_wconf 79' lang='lat' dir='ltr'><strong>(bis).</strong></span> <span class='ocrx_word' id='word_1_142' title='bbox 1388 1981 1463 2063; x_wconf 82' lang='lat' dir='ltr'><strong>Agr.</strong></span> 
     </span>
     <span class='ocr_line' id='line_1_17' title="bbox 323 2086 1462 2168; baseline -0.003 -14"><span class='ocrx_word' id='word_1_143' title='bbox 323 2093 372 2155; x_wconf 80' lang='lat'><strong>15.</strong></span> <span class='ocrx_word' id='word_1_144' title='bbox 399 2086 510 2168; x_wconf 82' lang='lat' dir='ltr'><strong>Insigni</strong></span> <span class='ocrx_word' id='word_1_145' title='bbox 534 2089 572 2149; x_wconf 89' lang='lat' dir='ltr'><strong>ad</strong></span> <span class='ocrx_word' id='word_1_146' title='bbox 596 2088 823 2167; x_wconf 84' lang='lat' dir='ltr'><strong>exprimendam</strong></span> <span class='ocrx_word' id='word_1_147' title='bbox 847 2089 940 2148; x_wconf 89' lang='lat' dir='ltr'><strong>animi</strong></span> <span class='ocrx_word' id='word_1_148' title='bbox 964 2089 1194 2149; x_wconf 87' lang='lat' dir='ltr'><strong>commotionem</strong></span> <span class='ocrx_word' id='word_1_149' title='bbox 1208 2089 1356 2150; x_wconf 88' lang='lat' dir='ltr'><strong>brevitate</strong></span> <span class='ocrx_word' id='word_1_150' title='bbox 1381 2091 1462 2152; x_wconf 88' lang='lat' dir='ltr'><strong>dicta</strong></span> 
     </span>
     <span class='ocr_line' id='line_1_18' title="bbox 321 2190 1464 2278; baseline 0.002 -20"><span class='ocrx_word' id='word_1_151' title='bbox 321 2208 390 2260; x_wconf 87' lang='lat' dir='ltr'><strong>sunt</strong></span> <span class='ocrx_word' id='word_1_152' title='bbox 420 2217 496 2278; x_wconf 92' lang='lat' dir='ltr'><strong>quae</strong></span> <span class='ocrx_word' id='word_1_153' title='bbox 531 2198 672 2274; x_wconf 86' lang='lat' dir='ltr'><strong>leguntur</strong></span> <span class='ocrx_word' id='word_1_154' title='bbox 703 2196 782 2255; x_wconf 86' lang='lat' dir='ltr'><strong>Anu.</strong></span> <span class='ocrx_word' id='word_1_155' title='bbox 805 2190 828 2272; x_wconf 89' lang='lat' dir='ltr'><strong>l,</strong></span> <span class='ocrx_word' id='word_1_156' title='bbox 852 2195 907 2256; x_wconf 82' lang='lat'><strong>35:</strong></span> <span class='ocrx_word' id='word_1_157' title='bbox 937 2200 1042 2257; x_wconf 84' lang='lat' dir='ltr'><strong>clamor</strong></span> <span class='ocrx_word' id='word_1_158' title='bbox 1074 2201 1215 2256; x_wconf 81' lang='lat' dir='ltr'><strong>oriebatur</strong></span> <span class='ocrx_word' id='word_1_159' title='bbox 1244 2232 1285 2242; x_wconf 98' lang='lat'><em>-</em></span> <span class='ocrx_word' id='word_1_160' title='bbox 1306 2205 1464 2260; x_wconf 73' lang='lat' dir='ltr'><strong>mederetur</strong></span> 
     </span>
     <span class='ocr_line' id='line_1_19' title="bbox 315 2308 1463 2384; baseline 0 -16"><span class='ocrx_word' id='word_1_161' title='bbox 315 2312 410 2384; x_wconf 78' lang='lat' dir='ltr'><strong>sessis,</strong></span> <span class='ocrx_word' id='word_1_162' title='bbox 433 2328 486 2366; x_wconf 84' lang='lat' dir='ltr'><strong>nen</strong></span> <span class='ocrx_word' id='word_1_163' title='bbox 508 2316 622 2365; x_wconf 86' lang='lat' dir='ltr'><strong>mortem</strong></span> <span class='ocrx_word' id='word_1_164' title='bbox 642 2309 672 2362; x_wconf 87' lang='lat' dir='ltr'><strong>in</strong></span> <span class='ocrx_word' id='word_1_165' title='bbox 694 2308 781 2363; x_wconf 82' lang='lat' dir='ltr'><strong>isdem</strong></span> <span class='ocrx_word' id='word_1_166' title='bbox 803 2308 958 2381; x_wconf 77' lang='lat' dir='ltr'><strong>laboribus,</strong></span> <span class='ocrx_word' id='word_1_167' title='bbox 980 2311 1030 2364; x_wconf 82' lang='lat' dir='ltr'><strong>sed</strong></span> <span class='ocrx_word' id='word_1_168' title='bbox 1043 2311 1131 2379; x_wconf 81' lang='lat' dir='ltr'><strong>finem</strong></span> <span class='ocrx_word' id='word_1_169' title='bbox 1153 2319 1211 2365; x_wconf 88' lang='lat' dir='ltr'><strong>torn</strong></span> <span class='ocrx_word' id='word_1_170' title='bbox 1233 2312 1366 2367; x_wconf 87' lang='lat' dir='ltr'><strong>enercitoe</strong></span> <span class='ocrx_word' id='word_1_171' title='bbox 1388 2313 1463 2368; x_wconf 88' lang='lat' dir='ltr'><strong>mili-</strong></span> 
     </span>
     <span class='ocr_line' id='line_1_20' title="bbox 320 2410 1463 2496; baseline 0 -19"><span class='ocrx_word' id='word_1_172' title='bbox 320 2423 376 2478; x_wconf 85' lang='lat' dir='ltr'><strong>tice</strong></span> <span class='ocrx_word' id='word_1_173' title='bbox 396 2436 482 2492; x_wconf 75' lang='lat' dir='ltr'><strong>noque</strong></span> <span class='ocrx_word' id='word_1_174' title='bbox 503 2418 613 2489; x_wconf 86' lang='lat' dir='ltr'><strong>inopem</strong></span> <span class='ocrx_word' id='word_1_175' title='bbox 634 2417 755 2489; x_wconf 74' lang='lat' dir='ltr'><strong>requiem</strong></span> <span class='ocrx_word' id='word_1_176' title='bbox 776 2410 934 2493; x_wconf 70' lang='lat' dir='ltr'><strong>mobontll.</strong></span> <span class='ocrx_word' id='word_1_177' title='bbox 988 2412 1123 2474; x_wconf 85' lang='lat' dir='ltr'><strong>Similem</strong></span> <span class='ocrx_word' id='word_1_178' title='bbox 1148 2415 1285 2476; x_wconf 85' lang='lat' dir='ltr'><strong>affectum</strong></span> <span class='ocrx_word' id='word_1_179' title='bbox 1307 2419 1463 2496; x_wconf 85' lang='lat' dir='ltr'><strong>respirant</strong></span> 
     </span>
     <span class='ocr_line' id='line_1_21' title="bbox 321 2516 1463 2599; baseline 0.002 -15"><span class='ocrx_word' id='word_1_180' title='bbox 321 2524 414 2586; x_wconf 81' lang='lat' dir='ltr'><strong>verba</strong></span> <span class='ocrx_word' id='word_1_181' title='bbox 435 2523 516 2582; x_wconf 85' lang='lat' dir='ltr'><strong>Hist.</strong></span> <span class='ocrx_word' id='word_1_182' title='bbox 540 2516 590 2593; x_wconf 87' lang='grc' dir='ltr'>ΙΙΙ,</span> <span class='ocrx_word' id='word_1_183' title='bbox 615 2522 675 2581; x_wconf 78' lang='lat'><strong>25:</strong></span> <span class='ocrx_word' id='word_1_184' title='bbox 705 2526 875 2597; x_wconf 73' lang='lat' dir='ltr'><strong>procudetur</strong></span> <span class='ocrx_word' id='word_1_185' title='bbox 900 2526 997 2597; x_wconf 87' lang='lat' dir='ltr'><strong>pictos</strong></span> <span class='ocrx_word' id='word_1_186' title='bbox 1021 2526 1116 2597; x_wconf 79' lang='lat' dir='ltr'><strong>ponis</strong></span> <span class='ocrx_word' id='word_1_187' title='bbox 1143 2545 1255 2599; x_wconf 81' lang='lat' dir='ltr'><strong>menes,</strong></span> <span class='ocrx_word' id='word_1_188' title='bbox 1295 2545 1360 2584; x_wconf 84' lang='lat' dir='ltr'><strong>nece</strong></span> <span class='ocrx_word' id='word_1_189' title='bbox 1381 2546 1411 2585; x_wconf 84' lang='lat' dir='ltr'><strong>se</strong></span> <span class='ocrx_word' id='word_1_190' title='bbox 1431 2538 1463 2586; x_wconf 86' lang='lat' dir='ltr'><strong>nt</strong></span> 
     </span>
     <span class='ocr_line' id='line_1_22' title="bbox 317 2622 1463 2708; baseline -0.001 -18"><span class='ocrx_word' id='word_1_191' title='bbox 317 2622 497 2708; x_wconf 78' lang='lat' dir='ltr'><strong>pdrricidmn</strong></span> <span class='ocrx_word' id='word_1_192' title='bbox 520 2639 715 2687; x_wconf 75' lang='lat' dir='ltr'><strong>conserentur</strong></span> <span class='ocrx_word' id='word_1_193' title='bbox 736 2627 764 2686; x_wconf 95' lang='lat' dir='ltr'><strong>h.</strong></span> <span class='ocrx_word' id='word_1_194' title='bbox 789 2649 816 2688; x_wconf 84' lang='lat' dir='ltr'><strong>e.</strong></span> <span class='ocrx_word' id='word_1_195' title='bbox 845 2627 1040 2705; x_wconf 80' lang='lat' dir='ltr'><strong>precabatur,</strong></span> <span class='ocrx_word' id='word_1_196' title='bbox 1077 2635 1110 2686; x_wconf 88' lang='lat' dir='ltr'><strong>ut</strong></span> <span class='ocrx_word' id='word_1_197' title='bbox 1134 2637 1234 2687; x_wconf 88' lang='lat' dir='ltr'><strong>essent</strong></span> <span class='ocrx_word' id='word_1_198' title='bbox 1265 2630 1352 2708; x_wconf 82' lang='lat' dir='ltr'><strong>piati,</strong></span> <span class='ocrx_word' id='word_1_199' title='bbox 1383 2649 1463 2689; x_wconf 88' lang='lat' dir='ltr'><strong>neve</strong></span> 
     </span>
     <span class='ocr_line' id='line_1_23' title="bbox 321 2730 1464 2814; baseline -0.001 -16"><span class='ocrx_word' id='word_1_200' title='bbox 321 2749 378 2798; x_wconf 87' lang='lat' dir='ltr'><strong>cet.</strong></span> <span class='ocrx_word' id='word_1_201' title='bbox 423 2737 524 2798; x_wconf 85' lang='lat' dir='ltr'><strong>Semel</strong></span> <span class='ocrx_word' id='word_1_202' title='bbox 546 2735 701 2814; x_wconf 87' lang='lat' dir='ltr'><strong>praecedit</strong></span> <span class='ocrx_word' id='word_1_203' title='bbox 730 2734 944 2810; x_wconf 85' lang='lat' dir='ltr'><strong>gerundivum:</strong></span> <span class='ocrx_word' id='word_1_204' title='bbox 979 2734 1057 2796; x_wconf 84' lang='lat' dir='ltr'><strong>Anu.</strong></span> <span class='ocrx_word' id='word_1_205' title='bbox 1079 2730 1140 2810; x_wconf 86' lang='grc' dir='ltr'>ΙΙΙ,</span> <span class='ocrx_word' id='word_1_206' title='bbox 1164 2737 1220 2796; x_wconf 84' lang='grc'><strong>63;</strong></span> <span class='ocrx_word' id='word_1_207' title='bbox 1249 2741 1323 2810; x_wconf 76' lang='lat' dir='ltr'><strong>imai</strong></span> <span class='ocrx_word' id='word_1_208' title='bbox 1341 2741 1412 2813; x_wconf 84' lang='lat' dir='ltr'><strong>ipeic</strong></span> <span class='ocrx_word' id='word_1_209' title='bbox 1432 2744 1464 2797; x_wconf 86' lang='lat' dir='ltr'><strong>in</strong></span> 
     </span>
     <span class='ocr_line' id='line_1_24' title="bbox 321 2848 1463 2923; baseline -0.001 -16"><span class='ocrx_word' id='word_1_210' title='bbox 321 2851 533 2923; x_wconf 81' lang='lat' dir='ltr'><strong>templisfipere</strong></span> <span class='ocrx_word' id='word_1_211' title='bbox 555 2865 624 2904; x_wconf 85' lang='lat' dir='ltr'><strong>cere</strong></span> <span class='ocrx_word' id='word_1_212' title='bbox 646 2850 818 2903; x_wconf 81' lang='lat' dir='ltr'><strong>socrmtdom</strong></span> <span class='ocrx_word' id='word_1_213' title='bbox 841 2851 882 2904; x_wconf 83' lang='lat' dir='ltr'><strong>od</strong></span> <span class='ocrx_word' id='word_1_214' title='bbox 902 2848 1061 2905; x_wconf 82' lang='lat' dir='ltr'><strong>memoriam</strong></span> <span class='ocrx_word' id='word_1_215' title='bbox 1082 2865 1135 2903; x_wconf 87' lang='lat' dir='ltr'><strong>nen</strong></span> <span class='ocrx_word' id='word_1_216' title='bbox 1156 2849 1246 2920; x_wconf 81' lang='lat' dir='ltr'><strong>opecie</strong></span> <span class='ocrx_word' id='word_1_217' title='bbox 1267 2850 1410 2920; x_wconf 75' lang='lat' dir='ltr'><strong>reiipionis</strong></span> <span class='ocrx_word' id='word_1_218' title='bbox 1432 2852 1463 2906; x_wconf 90' lang='lat' dir='ltr'><strong>in</strong></span> 
     </span>
     <span class='ocr_line' id='line_1_25' title="bbox 322 2951 1462 3042; baseline 0.002 -30"><span class='ocrx_word' id='word_1_219' title='bbox 322 2957 496 3013; x_wconf 81' lang='lat' dir='ltr'><strong>ambitionem</strong></span> <span class='ocrx_word' id='word_1_220' title='bbox 517 2955 717 3012; x_wconf 79' lang='lat' dir='ltr'><strong>deluderentur.</strong></span> <span class='ocrx_word' id='word_1_221' title='bbox 756 2985 804 3042; x_wconf 75' lang='lat'><strong>&#39;‘.</strong></span> <span class='ocrx_word' id='word_1_222' title='bbox 839 2952 870 3011; x_wconf 81' lang='lat' dir='ltr'><strong>Si</strong></span> <span class='ocrx_word' id='word_1_223' title='bbox 903 2972 962 3011; x_wconf 93' lang='lat' dir='ltr'><strong>non</strong></span> <span class='ocrx_word' id='word_1_224' title='bbox 995 2951 1149 3030; x_wconf 88' lang='lat' dir='ltr'><strong>praecedit</strong></span> <span class='ocrx_word' id='word_1_225' title='bbox 1181 2954 1332 3012; x_wconf 86' lang='lat' dir='ltr'><strong>sententia</strong></span> <span class='ocrx_word' id='word_1_226' title='bbox 1353 2954 1462 3029; x_wconf 83' lang='lat' dir='ltr'><strong>finalis,</strong></span> 
     </span>
     <span class='ocr_line' id='line_1_26' title="bbox 322 3055 1462 3145; baseline 0.003 -24"><span class='ocrx_word' id='word_1_227' title='bbox 322 3062 417 3138; x_wconf 84' lang='lat' dir='ltr'><strong>magis</strong></span> <span class='ocrx_word' id='word_1_228' title='bbox 439 3061 470 3119; x_wconf 93' lang='lat' dir='ltr'><strong>in</strong></span> <span class='ocrx_word' id='word_1_229' title='bbox 493 3079 549 3119; x_wconf 88' lang='lat' dir='ltr'><strong>usu</strong></span> <span class='ocrx_word' id='word_1_230' title='bbox 573 3069 619 3121; x_wconf 89' lang='lat' dir='ltr'><strong>est</strong></span> <span class='ocrx_word' id='word_1_231' title='bbox 641 3072 666 3119; x_wconf 88' lang='lat' dir='ltr'><strong>et</strong></span> <span class='ocrx_word' id='word_1_232' title='bbox 687 3081 721 3119; x_wconf 88' lang='lat' dir='ltr'><strong>ne</strong></span> <span class='ocrx_word' id='word_1_233' title='bbox 743 3056 837 3142; x_wconf 80' lang='lat' dir='ltr'><strong>(Anu.</strong></span> <span class='ocrx_word' id='word_1_234' title='bbox 861 3058 886 3133; x_wconf 93' lang='grc' dir='ltr'><strong>Ι,</strong></span> <span class='ocrx_word' id='word_1_235' title='bbox 910 3059 973 3136; x_wconf 88' lang='grc'>60),</span> <span class='ocrx_word' id='word_1_236' title='bbox 996 3059 1046 3120; x_wconf 89' lang='lat' dir='ltr'><strong>vel</strong></span> <span class='ocrx_word' id='word_1_237' title='bbox 1068 3081 1103 3120; x_wconf 89' lang='lat' dir='ltr'><strong>oe</strong></span> <span class='ocrx_word' id='word_1_238' title='bbox 1123 3081 1157 3120; x_wconf 90' lang='lat' dir='ltr'><strong>ne</strong></span> <span class='ocrx_word' id='word_1_239' title='bbox 1191 3055 1280 3145; x_wconf 77' lang='lat' dir='ltr'><strong>(Ann-</strong></span> <span class='ocrx_word' id='word_1_240' title='bbox 1305 3061 1376 3136; x_wconf 80' lang='lat' dir='ltr'><strong>XV,</strong></span> <span class='ocrx_word' id='word_1_241' title='bbox 1400 3065 1462 3142; x_wconf 81' lang='grc'><strong>64],</strong></span> 
     </span>
     <span class='ocr_line' id='line_1_27' title="bbox 323 3169 1461 3252; baseline 0 -22"><span class='ocrx_word' id='word_1_242' title='bbox 323 3181 413 3252; x_wconf 89' lang='lat' dir='ltr'><strong>atque</strong></span> <span class='ocrx_word' id='word_1_243' title='bbox 436 3169 527 3231; x_wconf 90' lang='lat' dir='ltr'><strong>semel</strong></span> <span class='ocrx_word' id='word_1_244' title='bbox 550 3176 667 3230; x_wconf 85' lang='lat' dir='ltr'><strong>tantum</strong></span> <span class='ocrx_word' id='word_1_245' title='bbox 689 3169 841 3229; x_wconf 86' lang='lat' dir='ltr'><strong>invenitur</strong></span> <span class='ocrx_word' id='word_1_246' title='bbox 864 3191 918 3228; x_wconf 87' lang='lat' dir='ltr'><strong>nen</strong></span> <span class='ocrx_word' id='word_1_247' title='bbox 939 3169 1018 3229; x_wconf 90' lang='lat' dir='ltr'><strong>Hist.</strong></span> <span class='ocrx_word' id='word_1_248' title='bbox 1039 3169 1080 3241; x_wconf 95' lang='grc' dir='ltr'><strong>ΙΙ,</strong></span> <span class='ocrx_word' id='word_1_249' title='bbox 1104 3171 1163 3230; x_wconf 88' lang='lat'><strong>33:</strong></span> <span class='ocrx_word' id='word_1_250' title='bbox 1195 3191 1248 3230; x_wconf 87' lang='lat' dir='ltr'><strong>nen</strong></span> <span class='ocrx_word' id='word_1_251' title='bbox 1269 3175 1331 3245; x_wconf 79' lang='lat' dir='ltr'><strong>ouis</strong></span> <span class='ocrx_word' id='word_1_252' title='bbox 1353 3177 1461 3232; x_wconf 84' lang='lat' dir='ltr'><strong>obviam</strong></span> 
     </span>
     <span class='ocr_line' id='line_1_28' title="bbox 322 3280 1158 3353; baseline -0.001 -15"><span class='ocrx_word' id='word_1_253' title='bbox 322 3284 364 3340; x_wconf 88' lang='lat' dir='ltr'><strong>ire</strong></span> <span class='ocrx_word' id='word_1_254' title='bbox 384 3282 533 3339; x_wconf 84' lang='lat' dir='ltr'><strong>sententiae</strong></span> <span class='ocrx_word' id='word_1_255' title='bbox 555 3283 678 3353; x_wconf 80' lang='lat' dir='ltr'><strong>auderet,</strong></span> <span class='ocrx_word' id='word_1_256' title='bbox 699 3281 729 3334; x_wconf 84' lang='lat' dir='ltr'><strong>in</strong></span> <span class='ocrx_word' id='word_1_257' title='bbox 751 3280 941 3338; x_wconf 83' lang='lat' dir='ltr'><strong>adolationem</strong></span> <span class='ocrx_word' id='word_1_258' title='bbox 962 3289 1158 3337; x_wconf 74' lang='lat' dir='ltr'><strong>connecterent.</strong></span> 
     </span>
    </p>

    <p class='ocr_par' dir='ltr' id='par_1_6' title="bbox 319 3382 1466 4003">
     <span class='ocr_line' id='line_1_29' title="bbox 410 3382 1464 3466; baseline 0 -20"><span class='ocrx_word' id='word_1_259' title='bbox 410 3387 487 3446; x_wconf 82' lang='lat' dir='ltr'><strong>Tres</strong></span> <span class='ocrx_word' id='word_1_260' title='bbox 510 3393 580 3446; x_wconf 88' lang='lat' dir='ltr'><strong>sunt</strong></span> <span class='ocrx_word' id='word_1_261' title='bbox 601 3384 675 3454; x_wconf 78' lang='lat' dir='ltr'><strong>loci,</strong></span> <span class='ocrx_word' id='word_1_262' title='bbox 707 3403 781 3466; x_wconf 89' lang='lat' dir='ltr'><strong>quos</strong></span> <span class='ocrx_word' id='word_1_263' title='bbox 803 3383 859 3443; x_wconf 88' lang='lat' dir='ltr'><strong>hac</strong></span> <span class='ocrx_word' id='word_1_264' title='bbox 882 3382 953 3443; x_wconf 87' lang='lat' dir='ltr'><strong>data</strong></span> <span class='ocrx_word' id='word_1_265' title='bbox 983 3383 1140 3444; x_wconf 80' lang='lat' dir='ltr'><strong>occasione</strong></span> <span class='ocrx_word' id='word_1_266' title='bbox 1170 3384 1272 3464; x_wconf 83' lang='lat' dir='ltr'><strong>paullo</strong></span> <span class='ocrx_word' id='word_1_267' title='bbox 1295 3387 1464 3446; x_wconf 76' lang='lat' dir='ltr'><strong>accuratius</strong></span> 
     </span>
     <span class='ocr_line' id='line_1_30' title="bbox 324 3487 1465 3568; baseline -0.004 -12"><span class='ocrx_word' id='word_1_268' title='bbox 324 3503 496 3556; x_wconf 87' lang='lat' dir='ltr'><strong>tractemus.</strong></span> <span class='ocrx_word' id='word_1_269' title='bbox 539 3493 659 3554; x_wconf 86' lang='lat' dir='ltr'><strong>Primus</strong></span> <span class='ocrx_word' id='word_1_270' title='bbox 681 3489 792 3568; x_wconf 87' lang='lat' dir='ltr'><strong>legitur</strong></span> <span class='ocrx_word' id='word_1_271' title='bbox 815 3487 890 3552; x_wconf 86' lang='lat' dir='ltr'><strong>Anu.</strong></span> <span class='ocrx_word' id='word_1_272' title='bbox 913 3491 982 3564; x_wconf 88' lang='lat' dir='ltr'><strong>XV,</strong></span> <span class='ocrx_word' id='word_1_273' title='bbox 1007 3495 1065 3553; x_wconf 80' lang='lat'><strong>63:</strong></span> <span class='ocrx_word' id='word_1_274' title='bbox 1089 3496 1275 3568; x_wconf 77' lang='lat' dir='ltr'><strong>complectitur</strong></span> <span class='ocrx_word' id='word_1_275' title='bbox 1296 3515 1416 3568; x_wconf 83' lang='lat' dir='ltr'><strong>onorem,</strong></span> <span class='ocrx_word' id='word_1_276' title='bbox 1439 3506 1465 3552; x_wconf 83' lang='lat' dir='ltr'><strong>et</strong></span> 
     </span>
     <span class='ocr_line' id='line_1_31' title="bbox 322 3603 1464 3681; baseline -0.002 -19"><span class='ocrx_word' id='word_1_277' title='bbox 322 3607 469 3681; x_wconf 80' lang='lat' dir='ltr'><strong>pantoleon</strong></span> <span class='ocrx_word' id='word_1_278' title='bbox 500 3608 634 3661; x_wconf 68' lang='lat' dir='ltr'><strong>odcerm</strong></span> <span class='ocrx_word' id='word_1_279' title='bbox 661 3613 834 3676; x_wconf 83' lang='lat' dir='ltr'><strong>praecentore</strong></span> <span class='ocrx_word' id='word_1_280' title='bbox 859 3603 1053 3670; x_wconf 75' lang='lat' dir='ltr'><strong>fortitudinem</strong></span> <span class='ocrx_word' id='word_1_281' title='bbox 1086 3605 1207 3662; x_wconf 79' lang='lat' dir='ltr'><strong>mollitus</strong></span> <span class='ocrx_word' id='word_1_282' title='bbox 1235 3613 1316 3675; x_wconf 80' lang='lat' dir='ltr'><strong>ropot</strong></span> <span class='ocrx_word' id='word_1_283' title='bbox 1338 3613 1464 3676; x_wconf 72' lang='lat' dir='ltr'><strong>oretque,</strong></span> 
     </span>
     <span class='ocr_line' id='line_1_32' title="bbox 324 3708 1465 3784; baseline -0.001 -16"><span class='ocrx_word' id='word_1_284' title='bbox 324 3718 487 3784; x_wconf 82' lang='lat' dir='ltr'><strong>tempernret</strong></span> <span class='ocrx_word' id='word_1_285' title='bbox 509 3711 629 3766; x_wconf 83' lang='lat' dir='ltr'><strong>dolorem</strong></span> <span class='ocrx_word' id='word_1_286' title='bbox 653 3717 793 3764; x_wconf 76' lang='lat' dir='ltr'><strong>aennon</strong></span> <span class='ocrx_word' id='word_1_287' title='bbox 813 3708 979 3780; x_wconf 80' lang='lat' dir='ltr'><strong>susciperet,</strong></span> <span class='ocrx_word' id='word_1_288' title='bbox 1010 3712 1061 3764; x_wconf 80' lang='lat' dir='ltr'><strong>ced</strong></span> <span class='ocrx_word' id='word_1_289' title='bbox 1089 3710 1119 3764; x_wconf 86' lang='lat' dir='ltr'><strong>in</strong></span> <span class='ocrx_word' id='word_1_290' title='bbox 1142 3709 1368 3781; x_wconf 75' lang='lat' dir='ltr'><strong>contemplatione</strong></span> <span class='ocrx_word' id='word_1_291' title='bbox 1390 3711 1465 3767; x_wconf 83' lang='lat' dir='ltr'><strong>vitoe</strong></span> 
     </span>
     <span class='ocr_line' id='line_1_33' title="bbox 319 3808 1466 3894; baseline -0.002 -16"><span class='ocrx_word' id='word_1_292' title='bbox 319 3841 374 3894; x_wconf 87' lang='lat' dir='ltr'><strong>per</strong></span> <span class='ocrx_word' id='word_1_293' title='bbox 393 3821 520 3876; x_wconf 80' lang='lat' dir='ltr'><strong>virtutem</strong></span> <span class='ocrx_word' id='word_1_294' title='bbox 542 3827 621 3874; x_wconf 84' lang='lat' dir='ltr'><strong>cotue</strong></span> <span class='ocrx_word' id='word_1_295' title='bbox 643 3817 812 3874; x_wconf 79' lang='lat' dir='ltr'><strong>desiderium</strong></span> <span class='ocrx_word' id='word_1_296' title='bbox 832 3819 930 3873; x_wconf 86' lang='lat' dir='ltr'><strong>mariti</strong></span> <span class='ocrx_word' id='word_1_297' title='bbox 949 3818 1057 3875; x_wconf 86' lang='lat' dir='ltr'><strong>solatiis</strong></span> <span class='ocrx_word' id='word_1_298' title='bbox 1079 3819 1195 3874; x_wconf 77' lang='lat' dir='ltr'><strong>honestis</strong></span> <span class='ocrx_word' id='word_1_299' title='bbox 1216 3819 1354 3874; x_wconf 77' lang='lat' dir='ltr'><strong>toleraret.</strong></span> <span class='ocrx_word' id='word_1_300' title='bbox 1390 3808 1466 3876; x_wconf 87' lang='lat' dir='ltr'><strong>lude</strong></span> 
     </span>
     <span class='ocr_line' id='line_1_34' title="bbox 326 3919 1466 4003; baseline -0.002 -17"><span class='ocrx_word' id='word_1_301' title='bbox 326 3926 396 3986; x_wconf 87' lang='lat' dir='ltr'><strong>aJ.</strong></span> <span class='ocrx_word' id='word_1_302' title='bbox 419 3926 470 3985; x_wconf 84' lang='lat' dir='ltr'><strong>Fr.</strong></span> <span class='ocrx_word' id='word_1_303' title='bbox 493 3921 648 3984; x_wconf 84' lang='lat' dir='ltr'><strong>Gronovio</strong></span> <span class='ocrx_word' id='word_1_304' title='bbox 679 3923 799 4003; x_wconf 88' lang='lat' dir='ltr'><strong>plurimi</strong></span> <span class='ocrx_word' id='word_1_305' title='bbox 828 3919 1003 3983; x_wconf 87' lang='lat' dir='ltr'><strong>ediderunt:</strong></span> <span class='ocrx_word' id='word_1_306' title='bbox 1035 3935 1199 3999; x_wconf 82' lang='lat' dir='ltr'><strong>temperaret</strong></span> <span class='ocrx_word' id='word_1_307' title='bbox 1231 3928 1354 3984; x_wconf 85' lang='lat' dir='ltr'><strong>dolorem</strong></span> <span class='ocrx_word' id='word_1_308' title='bbox 1377 3935 1466 3984; x_wconf 87' lang='lat' dir='ltr'><strong>oeter-</strong></span> 
     </span>
    </p>
   </div>
   <div class='ocr_carea' id='block_1_6' title="bbox 252 4189 1466 4540">
    <p class='ocr_par' dir='ltr' id='par_1_7' title="bbox 326 4189 1463 4257">
     <span class='ocr_line' id='line_1_35' title="bbox 326 4189 1463 4257; baseline 0.001 -16"><span class='ocrx_word' id='word_1_309' title='bbox 326 4191 386 4243; x_wconf 83' lang='lat' dir='ltr'><strong>heuc</strong></span> <span class='ocrx_word' id='word_1_310' title='bbox 403 4192 560 4257; x_wconf 83' lang='lat' dir='ltr'><strong>quaestionem</strong></span> <span class='ocrx_word' id='word_1_311' title='bbox 578 4193 717 4254; x_wconf 79' lang='lat' dir='ltr'><strong>Wagnerus,</strong></span> <span class='ocrx_word' id='word_1_312' title='bbox 744 4199 840 4256; x_wconf 73' lang='lat' dir='ltr'><strong>quaesti.</strong></span> <span class='ocrx_word' id='word_1_313' title='bbox 865 4191 930 4254; x_wconf 77' lang='lat' dir='ltr'><strong>Verg.</strong></span> <span class='ocrx_word' id='word_1_314' title='bbox 947 4206 998 4255; x_wconf 74' lang='lat' dir='ltr'><strong>pap.</strong></span> <span class='ocrx_word' id='word_1_315' title='bbox 1018 4190 1069 4241; x_wconf 77' lang='lat'><strong>579</strong></span> <span class='ocrx_word' id='word_1_316' title='bbox 1089 4206 1152 4256; x_wconf 64' lang='lat' dir='ltr'><strong>seq„</strong></span> <span class='ocrx_word' id='word_1_317' title='bbox 1183 4189 1308 4253; x_wconf 68' lang='lat' dir='ltr'><strong>Remigius,</strong></span> <span class='ocrx_word' id='word_1_318' title='bbox 1334 4189 1405 4239; x_wconf 86' lang='lat' dir='ltr'><strong>schol.</strong></span> <span class='ocrx_word' id='word_1_319' title='bbox 1424 4189 1463 4242; x_wconf 87' lang='lat' dir='ltr'><strong>lat.</strong></span> 
     </span>
    </p>

    <p class='ocr_par' dir='ltr' id='par_1_8' title="bbox 326 4283 1466 4444">
     <span class='ocr_line' id='line_1_36' title="bbox 326 4283 1466 4352; baseline -0.004 -15"><span class='ocrx_word' id='word_1_320' title='bbox 326 4300 378 4350; x_wconf 78' lang='lat' dir='ltr'><strong>pag.</strong></span> <span class='ocrx_word' id='word_1_321' title='bbox 396 4285 447 4337; x_wconf 74' lang='lat'><strong>588</strong></span> <span class='ocrx_word' id='word_1_322' title='bbox 467 4301 518 4351; x_wconf 87' lang='lat' dir='ltr'><strong>seq.</strong></span> <span class='ocrx_word' id='word_1_323' title='bbox 538 4285 669 4348; x_wconf 74' lang='lat' dir='ltr'><strong>Madvigius,</strong></span> <span class='ocrx_word' id='word_1_324' title='bbox 687 4300 720 4348; x_wconf 77' lang='lat' dir='ltr'><strong>gr.</strong></span> <span class='ocrx_word' id='word_1_325' title='bbox 739 4285 777 4335; x_wconf 85' lang='lat' dir='ltr'><strong>lut.</strong></span> <span class='ocrx_word' id='word_1_326' title='bbox 796 4283 822 4352; x_wconf 87' lang='lat'><strong>§.</strong></span> <span class='ocrx_word' id='word_1_327' title='bbox 841 4285 902 4336; x_wconf 87' lang='grc'><strong>459.</strong></span> <span class='ocrx_word' id='word_1_328' title='bbox 949 4285 1122 4347; x_wconf 65' lang='lat' dir='ltr'><strong>Nostrumne,</strong></span> <span class='ocrx_word' id='word_1_329' title='bbox 1151 4299 1208 4349; x_wconf 85' lang='lat' dir='ltr'><strong>quus</strong></span> <span class='ocrx_word' id='word_1_330' title='bbox 1227 4284 1310 4335; x_wconf 83' lang='lat' dir='ltr'><strong>hucin</strong></span> <span class='ocrx_word' id='word_1_331' title='bbox 1329 4298 1355 4333; x_wconf 89' lang='lat' dir='ltr'><strong>re</strong></span> <span class='ocrx_word' id='word_1_332' title='bbox 1374 4292 1466 4334; x_wconf 85' lang='lat' dir='ltr'><strong>secutus</strong></span> 
     </span>
     <span class='ocr_line' id='line_1_37' title="bbox 327 4367 1419 4444; baseline -0.002 -14"><span class='ocrx_word' id='word_1_333' title='bbox 327 4380 357 4430; x_wconf 84' lang='lat' dir='ltr'><strong>sit</strong></span> <span class='ocrx_word' id='word_1_334' title='bbox 374 4382 436 4443; x_wconf 78' lang='lat' dir='ltr'><strong>leges</strong></span> <span class='ocrx_word' id='word_1_335' title='bbox 454 4381 545 4432; x_wconf 87' lang='lat' dir='ltr'><strong>Tacitus</strong></span> <span class='ocrx_word' id='word_1_336' title='bbox 563 4381 688 4431; x_wconf 83' lang='lat' dir='ltr'><strong>accumtius</strong></span> <span class='ocrx_word' id='word_1_337' title='bbox 706 4380 830 4444; x_wconf 87' lang='lat' dir='ltr'><strong>inquirere.</strong></span> <span class='ocrx_word' id='word_1_338' title='bbox 1415 4367 1419 4382; x_wconf 88' lang='lat'><em>&#39;</em></span> 
     </span>
    </p>

    <p class='ocr_par' dir='ltr' id='par_1_9' title="bbox 252 4447 1020 4540">
     <span class='ocr_line' id='line_1_38' title="bbox 252 4447 1020 4540; baseline -0.004 -16"><span class='ocrx_word' id='word_1_339' title='bbox 252 4447 257 4460; x_wconf 24' lang='lat' dir='ltr'>x</span> <span class='ocrx_word' id='word_1_340' title='bbox 400 4471 426 4540; x_wconf 87' lang='lat' dir='ltr'><strong>l)</strong></span> <span class='ocrx_word' id='word_1_341' title='bbox 447 4473 503 4524; x_wconf 85' lang='lat' dir='ltr'><strong>Vide</strong></span> <span class='ocrx_word' id='word_1_342' title='bbox 521 4489 580 4539; x_wconf 87' lang='lat' dir='ltr'><strong>qnue</strong></span> <span class='ocrx_word' id='word_1_343' title='bbox 597 4474 656 4524; x_wconf 88' lang='lat' dir='ltr'><strong>bene</strong></span> <span class='ocrx_word' id='word_1_344' title='bbox 675 4473 791 4525; x_wconf 79' lang='lat' dir='ltr'><strong>adnotavit</strong></span> <span class='ocrx_word' id='word_1_345' title='bbox 808 4472 967 4538; x_wconf 81' lang='lat' dir='ltr'><strong>Nipperdcjus.</strong></span> <span class='ocrx_word' id='word_1_346' title='bbox 989 4499 1020 4510; x_wconf 82' lang='lat'>-</span> 
     </span>
    </p>
   </div>
   <div class='ocr_carea' id='block_1_7' title="bbox 0 0 1608 5252">
    <p class='ocr_par' dir='ltr' id='par_1_10' title="bbox 0 0 1608 5252">
     <span class='ocr_line' id='line_1_39' title="bbox 0 0 1608 5252; baseline 0 0"><span class='ocrx_word' id='word_1_347' title='bbox 0 0 1608 5252; x_wconf 95' lang='lat' dir='ltr'><strong> </strong></span> 
     </span>
    </p>
   </div>
  </div>
 </body>
</html>
