3196 5270
644 347 684 405 67

89 527 149 576 ata.
194 516 273 576 Nam
296 515 327 574 vi
359 515 489 595 quadam
527 515 668 598 effertur,
692 516 837 594 judicium
871 518 903 575 iu
935 527 1097 597 conspectu
1118 520 1224 598 populi

90 625 255 682 exercitum
277 641 350 698 esse,
372 623 444 702 quia
464 623 494 682 iu
519 630 618 682 mente
641 632 706 682 erat
719 625 857 703 scriptori
880 632 975 684 status
989 627 1143 705 temporis,
1165 645 1226 706 quo

89 750 183 810 penes
217 730 371 791 Tiberium
400 749 516 790 summa
545 733 589 790 rei
615 731 753 809 publicae
787 741 883 791 eraut.
934 732 966 791 Is
996 735 1075 793 euim
1105 753 1227 794 caussas

89 837 224 916 publicas
253 840 347 914 magis
370 839 526 918 magisque
548 837 711 916 adpatres
732 838 898 918 transtulit,
927 839 1009 919 quod
1031 840 1131 901 multis
1153 841 1226 901 locis

89 966 108 1004 a
130 945 239 1004 Tacito
266 952 522 1004 commemoratur.
577 943 627 1004 Sic
657 943 737 1004 Aun.
759 943 824 1019 111,
850 948 889 1005 12
912 945 1068 1006 Tiberium
1097 950 1128 1007 in
1149 947 1228 1007 bunc

89 1052 213 1111 modum
237 1050 384 1110 dicentem
406 1051 496 1110 lecit:
517 1055 550 1110 id
571 1055 659 1112 schem
681 1057 847 1112 (immanius
867 1075 950 1128 asper
972 1059 1043 1128 lepos
1055 1059 1228 1128 praeditet-i·

89 1183 162 1234 νινε,
186 1165 263 1234 quod
283 1164 319 1216 iu
339 1164 441 1218 curio
459 1161 567 1234 petiae,
590 1181 673 1234 quom
696 1165 732 1218 iu
752 1167 845 1234 soro,
867 1168 1123 1235 mecaenatem
1145 1185 1229 1238 quana

91 1272 171 1341 aprrd
185 1271 330 1339 judicas
351 1273 387 1326 de
407 1279 493 1326 morte
513 1272 573 1340 ejus
594 1271 766 1341 acquiram
787 1267 842 1327 sed
865 1267 946 1348 quod
968 1269 1068 1347 specie
1091 1269 1228 1339 beneficii

90 1372 293 1452 permittebat,
315 1373 353 1433 ed
376 1373 544 1450 augendam
567 1374 660 1451 ipsius
682 1381 863 1451 potestatem
885 1375 963 1432 verti
983 1393 1074 1453 posse
1096 1377 1231 1436 nonfuit

90 1483 223 1557 ignarus,
246 1501 337 1560 quum
349 1501 387 1540 ex
402 1480 523 1540 arbitrio
546 1499 601 1540 suo
623 1480 792 1559 penderent
804 1491 923 1560 patrum
944 1481 1064 1541 decreta
1074 1479 1114 1565 1);
1138 1491 1229 1563 atque

89 1587 208 1649 fallitur’
236 1587 368 1649 Orellius
390 1587 546 1648 Tiberium
573 1589 617 1648 ita
638 1586 753 1648 dixisse
774 1595 885 1668 putans
916 1592 984 1663 quio
1009 1593 1113 1664 populi
1135 1595 1230 1648 suedia

89 1700 232 1754 mambae.
260 1695 477 1775 Nequetameu
499 1712 603 1754 omues
626 1710 748 1753 caussas
770 1691 905 1770 publicas
931 1713 966 1753 eo
989 1704 1126 1774 tempore
1148 1696 1230 1776 apud

90 1813 190 1882 patres
214 1821 281 1861 esse
303 1810 386 1861 actas
409 1801 498 1863 docet
518 1801 598 1862 Anu.
619 1799 661 1880 11,
686 1802 744 1860 79:
767 1803 860 1874 (Piso)
881 1805 995 1860 abdera
1014 1809 1158 1878 respondit
1179 1812 1231 1864 ud·

91 1901 234 1983 fiamus,
256 1913 306 1968 uhi
321 1921 477 1984 praetor
496 1913 556 1983 qui
582 1913 623 1968 de
643 1910 836 1976 ueneficiis
858 1922 1045 1981 quaereret
1075 1932 1123 1969 reo
1149 1923 1231 1986 mqrec

91 2020 298 2076 commembres
319 2020 393 2075 diem
409 2020 586 2091 predicasset.
632 2013 692 2074 Sed
717 2024 824 2092 postea
845 2014 926 2093 apud
949 2027 1084 2076 senatum
1101 2036 1229 2078 :accusa-

91 2136 139 2183 tus
169 2133 227 2184 est.
252 2157 290 2168 -
335 2122 451 2183 Eodem
475 2121 564 2181 modo
587 2141 620 2181 se
646 2120 738 2181 habet
760 2120 840 2182 Anu.
864 2121 917 2195 IV,
943 2125 977 2182 7:
1004 2130 1068 2183 γαπ·
1094 2146 1149 2200 por·
1170 2131 1230 2184 Ita-

91 2237 160 2291 liam
182 2233 312 2289 wactas
334 2233 410 2303 apri,
432 2235 557 2288 modesto
576 2231 698 2300 summo,
720 2233 792 2286 inter
808 2250 916 2302 paucos
936 2234 1047 2289 libertos
1069 2237 1174 2305 moa,
1197 2251 1231 2288 oo

90 2343 117 2396 ci
135 2343 252 2411 quoodo
272 2327 333 2395 cuin
350 2339 473 2411 prtem
494 2340 677 2410 disceptaret,
693 2343 815 2410 forum
837 2359 876 2395 ac
894 2342 960 2410 jus.
1005 2336 1043 2397 Id
1066 2340 1146 2397 euim
1167 2357 1229 2396 ma-

91 2447 173 2505 xime
203 2444 396 2504 memorabile
419 2451 501 2516 erat,
534 2443 616 2524 quod
637 2444 757 2522 publice
779 2443 919 2504 Tiberius
945 2464 1013 2503 cum
1036 2445 1088 2502 tali
1112 2445 1230 2504 bomine

91 2553 211 2632 privato
233 2551 359 2627 agebat,
381 2571 489 2630 quum,
510 2557 544 2610 ut
560 2557 698 2610 narratur
719 2549 800 2610 Aun.
822 2550 863 2624 11,
887 2552 938 2623 34,
960 2551 1001 2610 ad
1023 2551 1229 2628 Urgulaniam,

94 2678 172 2740 quae
206 2659 292 2718 testis
324 2660 354 2717 in
383 2676 489 2716 caussa
511 2656 642 2736 quadam
671 2665 738 2717 erat
766 2656 865 2736 apud
896 2667 1064 2718 senatum
1093 2667 1229 2729 tractata,

92 2769 262 2826 mitteretur
283 2774 415 2844 praetor,
437 2765 488 2843 qui
511 2764 814 2840 domiiuterrcgaret.
836 2797 878 2808 -
921 2764 1020 2824 Aliter
1034 2764 1231 2842 intelligenda

93 2879 164 2933 suut
186 2870 279 2930 verba
299 2871 380 2930 Hist.
401 2869 449 2950 ΙΙ,
472 2871 531 2929 38:
561 2874 592 2928 iu
612 2875 678 2930 tube
699 2894 733 2931 ae
754 2879 818 2944 foro
839 2884 1007 2931 testaceam
1026 2877 1148 2932 cicilim
1176 2878 1230 2932 bel-

92 2986 189 3039 lorum.
233 2979 313 3038 Nam
336 2980 362 3060 si
383 2985 531 3052 tenemus,
561 2979 690 3056 spectari
718 2979 838 3039 turbide
861 2977 1065 3040 Gracchorum
1094 2989 1231 3059 tempora

96 3085 190 3146 -id
213 3085 294 3165 quod
323 3104 361 3146 ex
392 3087 608 3145 sententiarum
641 3104 722 3144 nexu
755 3095 836 3145 certo
863 3084 963 3173 colligi
994 3093 1157 3164 potest-
1180 3105 1229 3146 res

93 3197 160 3275 ipsa
192 3193 306 3253 hortari
335 3191 473 3266 videtur,
503 3200 537 3262 ut
571 3194 734 3270 cogitemus
764 3191 802 3252 de
834 3189 952 3253 tributis
983 3193 1125 3273 comitiis,
1152 3194 1230 3252 iuter

92 3321 170 3381 quae
206 3299 255 3358 Ti.
300 3296 455 3358 Gracchus
488 3319 507 3358 a
541 3299 730 3359 sanatoribus
764 3285 1041 3378 interficiebatufl).
1097 3300 1227 3371 Etenim,

92 3427 183 3488 quum
207 3406 327 3465 comitia
350 3405 462 3466 tributa
483 3407 662 3486 plerumque
683 3407 713 3465 iu
736 3405 835 3464 lorum
849 3414 1035 3476 vocarentur,
1058 3403 1230 3464 factumest

92 3525 127 3575 ut
148 3518 216 3594 ipsa
237 3534 291 3593 per
312 3515 527 3594 metonymiam
548 3521 643 3585 formu
656 3513 890 3592 appellarentur,
913 3512 1000 3570 sicuti
1018 3513 1138 3590 comitia
1160 3530 1227 3571 ceu·

92 3619 376 3698 turiataiuterdum
399 3621 595 3698 designantur
618 3607 763 3680 uocabulo
786 3640 907 3693 comptu.
950 3618 997 3677 Ita
1010 3618 1091 3696 apud
1107 3618 1227 3679 Livium

91 3728 151 3803 IX,
174 3729 225 3798 46,
252 3729 310 3786 11:
326 3733 425 3800 socom
447 3743 472 3789 et
492 3751 620 3804 ecrnpeon
641 3722 812 3806 comcpttl).
833 3759 878 3770 -
920 3725 1035 3783 Rursus
1049 3723 1227 3784 alitercom·

91 3844 216 3918 paratus
241 3842 287 3891 est
319 3834 402 3894 locus
425 3835 499 3912 Agr.
524 3838 557 3894 2:
587 3839 618 3892 io
644 3837 752 3894 σωηίιίο
774 3854 808 3891 ae
828 3839 894 3904 foro
913 3843 1072 3904 meremur,
1096 3831 1134 3890 de
1167 3851 1226 3910 quo

91 3942 163 4002 vide
185 3959 251 4018 cap.
272 3939 329 3999 111.

180 4047 261 4106 Anu.
284 4045 341 4119 111,
365 4049 400 4106 9:
423 4056 510 4120 eoque
529 4067 574 4106 rea
595 4052 704 4121 cipitata
718 4049 881 4120 rumoribus,
910 4057 941 4103 ct
962 4046 993 4100 iu
1014 4044 1122 4138 agmine
1144 4037 1227 4116 etque

89 4160 189 4214 itinere
210 4157 304 4212 crebro
334 4171 363 4211 sc
391 4155 524 4212 militabas
545 4159 737 4213 ostentavisset.
783 4153 815 4212 Si
845 4149 1022 4210 vocabulum
1045 4149 1102 4207 iter
1124 4149 1162 4208 ad
1186 4149 1225 4209 le·

165 4305 195 4375 1)
212 4306 298 4367 lloecl,
315 4313 374 4356 rom.
393 4306 536 4368 Gesclticbte‚
554 4308 573 4368 1,
591 4305 616 4358 3.
634 4307 668 4358 66
686 4321 751 4371 seqq.
771 4331 805 4341 -
839 4313 841 4324 ⁴

163 4398 195 4464 2)
213 4399 272 4448 Plus
291 4398 324 4448 'li
342 4398 436 4448 Grsceh.
458 4397 496 4448 19.
516 4398 559 4450 20.
579 4427 610 4435 -

165 4489 195 4558 3)
214 4493 301 4554 Lange,
320 4499 379 4542 rom.
396 4489 561 4552 Altertbnmer,
581 4491 616 4552 ll,
635 4491 696 4540 409.
