3188 5252
860 338 901 398 94

315 519 367 577 lio:
398 519 494 590 opibus
516 522 606 586 atque,
636 528 675 568 an
695 527 763 569 cum
793 507 992 569 Doederlino:
1028 512 1125 584 opibus
1146 529 1233 584 ecque
1254 522 1344 586 atqua,
1379 515 1452 574 seri·

313 621 455 693 bandum,
486 636 525 679 an
554 615 684 695 deniqne
716 613 806 673 lectio
827 610 940 675 codicis
970 615 1089 694 integra
1110 618 1159 691 sit,
1192 615 1385 694 incertnm1).
1411 655 1452 664 -

314 728 375 790 Sed
398 725 516 788 etiamsi
538 724 569 783 in
588 717 756 802 juncturis:
779 738 832 794 que
855 752 893 764 -
917 731 952 794 et,
973 740 1027 794 que
1048 753 1088 768 -
1111 741 1146 780 oc
1168 718 1325 784 debilitata
1345 726 1386 784 sit
1406 729 1452 786 vie

312 831 473 914 aequandi,
501 839 603 888 tamen
629 835 789 905 utramque
810 821 976 883 membrum
1004 825 1157 902 propriam
1187 826 1250 886 vim
1271 829 1314 889 ita
1334 832 1452 906 retinet,

311 950 344 1002 ut
366 937 456 998 valde
479 934 593 1006 dubito,
624 932 725 991 ullane
753 931 814 990 alie
841 938 872 988 at
894 928 1022 988 arctiore
1048 931 1164 990 ratione
1186 933 1266 992 inter
1288 952 1321 995 se
1343 935 1451 998 cohae-

310 1066 377 1107 rere
398 1043 523 1123 possint.
568 1039 671 1116 Quare
692 1034 802 1096 mendo
825 1033 967 1094 iniectam
990 1054 1057 1096 erse
1079 1035 1156 1097 duco
1178 1037 1277 1100 locum
1304 1039 1385 1104 Anu.
1410 1043 1451 1114 ll,

312 1155 349 1210 c:
372 1153 466 1207 insula
486 1151 669 1215 Batauorum,
691 1145 722 1198 ia
743 1161 827 1214 qaam
849 1145 1023 1202 convenirent
1039 1146 1200 1217 praedc'ata,
1221 1149 1255 1201 ab
1270 1151 1377 1217 Jaeann
1398 1155 1451 1207 ad.

304 1260 405 1332 pulsas
427 1254 660 1326 accipiendaque
680 1249 767 1321 capide
789 1257 822 1305 et
843 1249 1084 1304 transmittendam
1105 1253 1146 1304 ad
1167 1252 1267 1308 amem
1280 1264 1447 1325 opportuna.

309 1359 412 1422 Verba
441 1377 500 1417 non
531 1355 618 1415 aliter
651 1354 778 1432 intelligi
805 1358 941 1431 poseant,
975 1351 1033 1410 nisi
1067 1359 1100 1411 ut
1122 1353 1257 1414 membra
1278 1362 1451 1432 accipiendis

306 1469 393 1540 copiis
413 1471 456 1522 et·
473 1463 713 1520 transmittendam
734 1463 774 1516 ad
794 1461 894 1516 deltam
916 1453 973 1515 sibi
995 1455 1062 1534 pari
1083 1455 1114 1514 vi
1136 1456 1350 1536 respondeant.
1382 1460 1445 1523 Sed

301 1574 366 1650 jam
389 1570 449 1629 alia
471 1569 549 1627 inter
571 1585 608 1626 ea
630 1562 789 1625 intercedit
810 1561 896 1624 ratio.
939 1559 1078 1640 Namque
1097 1562 1212 1643 copiae,
1240 1563 1347 1644 quibus
1370 1569 1449 1625 acci·

304 1675 424 1758 picardia
454 1672 552 1735 insula
581 1681 753 1751 opportuna
774 1677 847 1740 erat,
874 1667 914 1729 ed
936 1667 1198 1729 transmittendum
1228 1669 1339 1731 bellum
1360 1673 1448 1752 ipsae

303 1782 483 1855 serviebant,
505 1787 597 1860 atquo
618 1779 767 1858 posterius
789 1776 957 1837 membrum
978 1776 1127 1854 cogitatur
1149 1777 1235 1857 quael
1257 1797 1446 1860 consequens

302 1913 342 1952 ex
375 1892 474 1970 priora
512 1892 551 1964 (et
581 1885 663 1946 valet
686 1896 712 1944 at
733 1891 768 1944 de
790 1906 825 1943 ea
845 1903 957 1955 camec,
983 1881 1151 1963 manmit).
1195 1881 1303 1964 Itaque
1334 1905 1444 1948 censeo

263 1995 267 2000 ’
302 1995 464 2058 delendum
486 2012 555 2055 esse
587 2011 647 2067 que.
668 2023 712 2036 -·
734 2000 818 2063 atque
841 2019 880 2034 -·
904 1999 987 2062 atque
1019 1987 1101 2067 epnd
1133 1987 1172 2047 Τ.
1201 2009 1261 2051 non
1282 1991 1443 2055 invenitur.

300 2102 339 2160 cl.
360 2100 452 2174 Vorg.
475 2097 531 2158 ecl.
555 2095 594 2166 V,
623 2097 680 2155 23:
710 2106 792 2168 atqua
820 2099 886 2151 deon
917 2103 1000 2166 atque
1029 2103 1108 2151 cetra
1137 2104 1225 2166 accat,
1258 2114 1441 2176 quamquam

300 2214 330 2264 et
352 2204 400 2263 hic
420 2202 587 2262 diffitentur
620 2201 696 2261 hanc
718 2199 943 2259 commissuram
966 2195 1147 2274 Wagnerus,
1176 2207 1208 2259 et
1230 2199 1441 2265 Lachmannus

299 2309 338 2371 ad
360 2309 454 2388 Prop.
476 2327 545 2388 pag.
569 2309 620 2368 39.
665 2301 727 2366 Sed
749 2311 851 2363 tamen
873 2304 916 2378 ita
938 2301 1058 2364 ridetur
1080 2303 1292 2383 explicandam
1315 2325 1441 2369 esse.—

298 2419 438 2498 Denique
460 2427 485 2476 et
513 2449 547 2460 -
574 2425 656 2490 atquc
678 2409 845 2492 particulae
866 2410 948 2491 apud
960 2411 1086 2473 Latinos
1108 2410 1251 2492 aequales
1274 2417 1439 2476 sententias

275 2543 459 2604 numquam
481 2514 716 2602 conjungunt).
762 2517 827 2594 Qui
856 2515 1040 2580 afferebatur·
1062 2517 1145 2578 loeus
1165 2518 1285 2595 Quinct.
1306 2519 1436 2596 X11‚10,

296 2631 347 2703 64,
370 2631 396 2690 is
418 2647 497 2688 nanc
519 2626 600 2705 apud
622 2624 815 2686 Bonnellium
837 2621 876 2684 ad
898 2631 1013 2685 rectnm
1034 2623 1190 2685 restitutus
1213 2633 1268 2686 est.
1291 2659 1333 2674 ·-

380 2733 489 2796 Partes
520 2733 695 2794 vocularum
732 2743 820 2788 et-
844 2742 870 2788 et
910 2728 991 2791 haud
1034 2729 1239 2810 infrequenter
1275 2735 1435 2796 sustinent:

291 2847 374 2902 emeat
395 2873 437 2886 -
459 2851 493 2915 et,
516 2858 576 2914 que,
605 2848 697 2912 atque,
732 2833 770 2895 de
799 2853 860 2914 quo
882 2853 939 2895 asu
966 2835 1088 2894 brevem
1112 2832 1344 2915 disputationem
1366 2840 1436 2902 aab·

287 2951 426 3026 jungam.
470 2947 562 3006 Petet
584 2950 694 3015 autam,
727 2941 752 3000 si
787 2941 899 3016 omnia,
915 2947 1133 3020 computamus,
1166 2959 1221 3020 per
1254 2942 1358 3006 decem
1381 2965 1433 3024 gc·

291 3050 401 3136 cerel),
431 3052 486 3113 sed
508 3071 586 3133 quae
615 3050 694 3110 inter
722 3067 755 3107 se
777 3067 837 3108 aon
867 3044 993 3108 multam
1016 3048 1077 3107 sint
1108 3045 1239 3123 diversa,
1270 3052 1328 3112 nisi
1351 3053 1434 3133 quad

289 3162 438 3241 positione
466 3166 497 3218 ct
522 3173 646 3217 numero
676 3152 837 3214 verborum
868 3153 1002 3214 variatur
1033 3151 1146 3234 aliquid
1176 3163 1208 3216 et
1230 3154 1434 3234 distinguitur.

289 3267 376 3343 Quae
397 3265 521 3346 propria
553 3269 600 3321 est
629 3258 770 3321 adverbio
792 3263 874 3318 amal
900 3259 947 3318 vis
969 3257 1156 3339 temporalis,
1191 3281 1228 3321 ea
1250 3282 1431 3346 quamquam

287 3373 464 3451 saepissime
498 3368 654 3440 retinetur,
688 3375 789 3427 tamen
823 3367 914 3426 etiam
945 3363 1027 3425 haud
1057 3384 1125 3425 raro
1156 3367 1289 3442 evannit,
1326 3369 1370 3429 ita
1397 3378 1431 3430 ut

284 3483 367 3537 cimel
391 3509 430 3522 -
451 3489 476 3537 et
507 3474 587 3534 idom
618 3471 681 3532 lere
711 3473 870 3552 exprimat,
900 3481 982 3530 acet
1006 3501 1044 3514 -
1069 3481 1101 3530 et.
1145 3469 1184 3533 Id
1215 3492 1254 3532 ex
1276 3473 1349 3553 ipsis
1377 3493 1429 3533 ex-

285 3583 393 3662 amplis
405 3579 572 3662 apparebit.
618 3578 649 3658 a)
673 3577 749 3655 Agr.
772 3579 805 3638 a:
836 3580 1186 3646 ammanuensium
1212 3581 1365 3638 ademtam
1386 3583 1428 3638 ei-

283 3696 353 3752 nrul
374 3703 404 3750 et
431 3693 568 3750 solatiam.
614 3687 729 3766 Iujuria
751 3684 898 3766 Nipperd.
929 3682 969 3744 ad
1002 3685 1080 3744 Ann.
1113 3684 1182 3759 XV,
1216 3687 1258 3748 48
1290 3686 1427 3762 adnotat,

284 3797 435 3877 pertinere
455 3799 538 3854 amal
556 3793 596 3854 ad
617 3791 767 3872 posterius
780 3789 914 3850 verbum.
958 3790 1037 3850 Nam
1060 3799 1123 3851 tum
1146 3803 1172 3849 et
1191 3793 1325 3871 positum
1345 3805 1427 3853 esset

367 3949 380 3956 ..
393 3949 406 3956 ..
433 3943 602 3956 ...ω-...ωρμ-

357 4013 384 4078 l)
403 4012 501 4062 Omnino
527 4009 572 4059 rari
592 4015 647 4059 sunt
665 4009 708 4059 loci
726 4009 757 4060 ita
776 4010 908 4075 comparati,
931 4011 1045 4061 neceuim
1063 4033 1097 4046 —
1116 4009 1199 4073 opiner
1219 4035 1252 4046 -
1271 4008 1424 4069 invenientur,

279 4108 319 4172 qni
338 4106 546 4171 particulamque,
565 4103 585 4152 si
602 4109 675 4152 totam
693 4103 831 4153 sententiam
850 4103 962 4166 adjungit,
980 4104 1009 4153 ab
1028 4103 1072 4153 hoc
1090 4117 1133 4152 usu
1152 4101 1291 4165 disdngnere
1310 4101 1422 4163 nmciant,

278 4199 340 4262 «prael
358 4198 413 4246 alirn
440 4196 540 4246 Walclrio
559 4193 640 4244 accidit
664 4195 692 4244 ad
710 4194 762 4256 tgr.
783 4195 808 4246 5.
831 4221 861 4234 -
881 4195 927 4245 Sed
954 4195 1005 4245 ride
1030 4195 1112 4254 Wagn.
1140 4201 1236 4258 quaestt.
1262 4192 1345 4254 tergit.
1369 4208 1422 4257 pag.

278 4291 340 4339 568.
368 4317 391 4324 -

349 4379 379 4446 2)
397 4381 426 4429 al.
444 4379 517 4440 lland,
536 4379 565 4440 ll,
585 4377 645 4429 529.
666 4404 697 4418 -

347 4470 378 4540 3)
396 4471 496 4531 warlus,
514 4472 614 4534 prolegg.
634 4471 662 4520 ad
681 4473 731 4533 lgr.
751 4486 802 4536 pag.
821 4471 854 4522 68
872 4479 979 4536 quattuor
996 4477 1084 4522 tantum
1103 4471 1212 4521 nominat.
