3196 5270
849 259 888 317 66

309 425 384 486 Ann.
406 425 472 505 Ill,
495 426 547 488 55:
576 447 667 500 poena
688 447 720 486 aa
740 431 843 500 lapibus
874 440 899 485 et
943 439 1034 486 metus.
1080 425 1199 486 Deinde
1227 433 1325 486 autem
1349 459 1391 468 -
1415 433 1447 484 et

303 537 367 613 jam
382 579 383 582 η
397 535 436 594 ad
458 535 598 610 graviora
620 535 708 592 venio
733 567 770 578 —
795 536 902 595 vitiose
941 535 1021 595 dicta
1043 541 1113 610 sunt
1134 533 1186 594 illa
1207 534 1309 594 verba.
1351 533 1447 594 Num·

307 661 365 722 que
387 641 425 702 de
446 631 600 702 ordinibus
623 643 735 700 mentio
757 641 799 716 fit,
823 653 854 701 et
880 643 911 702 in
936 643 972 702 iis
995 661 1080 722 quae
1104 650 1268 720 sequuntur
1291 638 1448 716 distingui·

308 759 355 808 tur
377 751 457 810 inter
479 749 623 828 primores
646 759 778 823 senatus,
807 749 1007 822 nobilitatem,
1030 749 1157 828 equites.
1202 745 1266 806 sad
1288 762 1375 804 nemo
1396 763 1448 806 us·

307 859 379 938 scit,
412 858 615 916 Romanorum
636 856 714 924 ‚duos
736 864 852 934 tantum
876 857 998 918 ordines
1021 857 1188 918 exstitisse:
1219 854 1402 914 senatorium
1418 862 1450 912 et

309 970 494 1044 equestrem3
525 971 616 1042 atque
639 965 757 1024 etiamsi
779 965 858 1025 Aun.
881 963 907 1041 1,
933 966 961 1023 7.
989 970 1213 1024 enumerentur:
1237 961 1375 1022 consules
1396 979 1449 1040 pa·

309 1080 370 1132 tres
394 1091 502 1150 eques,
524 1080 626 1132 tamen
649 1092 709 1133 non
739 1073 778 1132 de
807 1071 902 1132 tribus
932 1071 1086 1132 ordinibus
1117 1091 1216 1130 sermo
1238 1079 1293 1130 est.
1336 1070 1451 1130 Verum

310 1183 463 1240 enimvero
497 1189 526 1242 et
547 1189 671 1241 narrant
694 1181 822 1261 aliquid,
844 1181 924 1260 quod
949 1184 985 1240 iis
1009 1200 1087 1260 quae
1121 1179 1247 1240 subinde
1279 1178 1452 1238 referuntur

310 1299 468 1370 repugnat.
512 1290 638 1349 Etenim·
664 1309 758 1368 pone,
793 1299 875 1350 recte
895 1289 933 1348 id
968 1309 1000 1348 se
1033 1288 1163 1366 habere,
1192 1306 1314 1346 necesse
1344 1294 1391 1346 est
1415 1307 1453 1346 ea

312 1417 389 1478 quae
421 1397 505 1456 initio
529 1398 636 1476 capitis
660 1399 700 1456 89
723 1397 884 1474 leguntur:
914 1403 964 1456 aad
992 1401 1087 1471 colpus
1108 1409 1133 1454 et
1154 1400 1343 1470 mapaitadiuc
1363 1400 1453 1454 nimia

313 1507 492 1566 communicen
526 1526 656 1562 omarum
678 1525 774 1577 expers
791 1508 915 1578 populus
944 1505 1129 1582 accipiantur
1159 1513 1192 1562 ut
1215 1503 1357 1582 opposita
1383 1522 1453 1562 uen-

311 1614 424 1673 tentiae
453 1621 589 1685 nostrae,
622 1615 665 1672 ita
687 1621 720 1672 ut
741 1612 898 1692 hucusque
921 1610 959 1671 de
983 1611 1138 1672 ordinibus
1161 1629 1258 1672 sermo
1282 1609 1391 1684 fuerit,
1423 1617 1457 1670 et

306 1725 372 1800 jam
395 1719 626 1796 transeaturad
648 1739 700 1780 eos
716 1740 794 1799 quae
817 1730 904 1780 extre
925 1719 1045 1780 ordines
1061 1729 1160 1779 erant.
1206 1720 1299 1799 Atqui
1325 1720 1455 1780 illinon

314 1830 454 1890 exomni
476 1839 563 1908 parts
578 1831 660 1888 auxii
683 1836 779 1903 erant,
802 1839 836 1888 ut
854 1830 919 1908 ipss
942 1831 1024 1888 acuit
1039 1829 1164 1888 Tacitus
1188 1829 1300 1887 verbis:
1324 1835 1455 1900 sterant

315 1919 538 1998 econtrario
554 1946 611 1998 cet.
653 1936 762 2016 Itaque
778 1936 846 1996 falsi
868 1937 939 2016 quid
952 1936 1066 1996 iudicat
1077 1936 1237 1996 sententia.
1280 1935 1389 2015 Neque
1412 1936 1457 1994 sic

316 2047 459 2128 explicari
489 2052 606 2124 potest,
637 2053 670 2105 ut
699 2044 833 2105 nonnulli
855 2053 972 2104 tantum
1002 2063 1041 2104 ex
1063 2043 1216 2104 ordinibus
1248 2043 1351 2122 pavidi
1382 2043 1457 2106 fuis·

316 2166 394 2217 sent.
413 2187 457 2199 -
501 2153 680 2214 Addebatur
702 2173 775 2213 vero
798 2153 837 2212 ab
860 2153 978 2233 aliquo,
1012 2155 1063 2233 qui
1085 2152 1264 2212 vocabulum
1286 2175 1356 2212 eruo
1377 2153 1458 2212 male

317 2263 509 2323 intellexerat
532 2258 628 2344 (quod
652 2263 708 2320 hoc
732 2261 796 2322 loco
820 2275 922 2322 omnes
951 2263 1042 2322 animi
1075 2261 1212 2336 adiectus
1243 2265 1293 2341 qui
1311 2261 1457 2340 deinceps

318 2376 530 2429 enumerentur
551 2368 793 2448 complectitur),
817 2377 848 2428 et
871 2371 967 2430 obiter
990 2369 1245 2430 animadverterat
1267 2370 1296 2428 iu
1319 2370 1458 2448 proxima

319 2478 469 2536 sententia
491 2475 529 2536 ds
552 2476 740 2540 senatoribus
763 2484 794 2535 et
816 2475 967 2555 equitibus
991 2475 1050 2554 agi.
1093 2477 1272 2552 Perlegerat
1294 2476 1385 2534 etiam
1396 2475 1458 2534 'Pa-

320 2587 370 2644 citi
393 2585 521 2664 scripta,
551 2592 582 2643 et
619 2583 690 2644 inde
721 2591 920 2660 cognoverat,
948 2603 1171 2663 nonnumquam
1202 2582 1342 2659 conjungi
1368 2580 1462 2641 verba

317 2694 471 2764 periculum
501 2697 532 2748 et
561 2701 661 2764 maus,
692 2707 782 2768 quem
815 2687 982 2746 usumhic
1015 2689 1044 2746 in
1077 2687 1185 2746 malam
1207 2695 1325 2765 partem
1349 2687 1460 2745 imitari

321 2794 446 2855 studuit.
490 2793 580 2854 Addo
611 2794 692 2874 quod
715 2793 869 2879 hic'locus
893 2801 994 2852 exstat
1021 2794 1051 2851 in
1074 2813 1111 2852 ea
1133 2803 1220 2872 parte
1243 2793 1461 2862 Historiarum,

322 2900 372 2960 ubi
397 2899 551 2960 Mediceue
580 2900 718 2960 lacunam
750 2899 890 2979 praebet,
921 2908 952 2959 et
986 2899 1025 2959 de
1058 2918 1095 2960 ea
1117 2917 1225 2959 caussa
1249 2897 1462 2978 refugiendum

324 3003 410 3063 nobis
433 3003 540 3064 estad
563 3003 681 3064 codices
704 3004 888 3064 recentiores
911 3003 1113 3063 Florentinos.
1138 3038 1177 3048 -

411 3108 582 3186 Sequuntur
612 3107 669 3167 loci
701 3107 836 3188 aliquot,
868 3103 1077 3187 quibus'quae
1099 3107 1266 3167 intercedat
1287 3107 1364 3167 ratio
1386 3107 1465 3166 inter

325 3211 399 3272 duas
423 3213 559 3271 notiones
578 3220 703 3271 externo
726 3210 857 3292 quodam
879 3219 1054 3288 argumento
1077 3230 1112 3272 ce
1141 3213 1314 3288 ocognosci
1336 3231 1395 3270 nou
1411 3230 1464 3290 po·

325 3324 396 3376 test.
439 3316 572 3392 Quorum
595 3317 723 3396 primum
754 3315 847 3376 affero
870 3316 949 3376 Hist.
973 3315 1028 3396 IV,
1051 3317 1107 3376 58:
1160 3289 1222 3391 ‘qbe
1244 3321 1325 3374 uliud
1342 3319 1466 3391 pretium

326 3430 427 3498 emtus,
458 3445 542 3500 qaam
557 3430 633 3498 fider
654 3433 796 3500 famaque.
842 3419 956 3486 Sensus
989 3443 1043 3502 per
1072 3443 1105 3483 se
1136 3431 1231 3504 patet.
1274 3425 1354 3484 Nam
1383 3423 1467 3482 fama

327 3543 441 3592 tautum
473 3533 571 3592 vocari
604 3541 705 3612 potest
733 3537 867 3608 prdima,
890 3531 987 3612 equod
1003 3533 1140 3610 ‘egregio
1170 3532 1250 3592 iacto
1292 3531 1467 3612 acquiritur.

327 3643 432 3723 ltaque
456 3640 652 3720 intelligenda
674 3648 744 3700 sunt
765 3641 1024 3720 verbatamqnam
1048 3640 1128 3701 fama
1150 3640 1230 3700 fidei.
1274 3641 1380 3718 Neque
1403 3660 1467 3698 ma-

328 3751 375 3827 gis
399 3747 530 3808 dubitari
551 3757 654 3829 potest
676 3748 714 3808 de
736 3749 817 3808 Hist.
839 3749 892 3821 IV,
917 3751 974 3809 62:
1003 3753 1100 3808 melior
1119 3771 1190 3824 pora
1211 3754 1310 3808 rubore
1343 3761 1368 3808 et
1389 3752 1467 3819 iufa-

328 3862 392 3915 mia.
438 3856 516 3915 Dein
531 3857 608 3916 Anu.
621 3856 654 3930 I,
667 3858 706 3917 58
731 3857 782 3916 ubi
804 3856 962 3933 leguntur:
983 3879 1037 3932 pro
1056 3863 1171 3931 iuuenta
1191 3869 1217 3917 et
1238 3877 1330 3916 erroro
1344 3861 1405 3930 filii
1424 3879 1467 3916 oe·

329 3971 406 4024 uiam
423 3986 525 4042 precor
546 3974 680 4044 apparet,
703 3967 796 4026 errori
819 3966 1035 4042 ignoscendum
1057 3986 1124 4027 esse
1146 3986 1205 4026 non
1224 3967 1380 4044 juventae,
1405 3964 1468 4024 ids-

332 4093 409 4154 oque
432 4073 524 4132 verba
551 4077 666 4146 iuuenta
687 4087 719 4146 ot¹
736 4096 829 4134 errore
851 4075 948 4134 simile
971 4076 1140 4156 significare
1164 4095 1200 4134 ac
1229 4077 1468 4148 inocciduam.

332 4179 440 4238 Paullo
470 4180 575 4244 fusius,
588 4181 796 4243 disserendum
817 4190 864 4242 est
887 4181 925 4242 de
947 4182 1028 4245 Anu.
1051 4182 1096 4251 Il,
1120 4184 1179 4242 34:
1201 4187 1322 4256 circinos
1350 4185 1472 4240 Vestales

331 4292 362 4346 ia
382 4293 446 4358 toro
468 4299 493 4344 et
512 4292 620 4360 judicio
642 4295 745 4350 aeddi.
791 4291 903 4352 Sensus
927 4301 988 4352 est:
1012 4292 1043 4351 in
1060 4291 1176 4370 judicio
1199 4289 1358 4371 propalam
1381 4307 1471 4349 exer·

333 4396 402 4467 cito,
426 4394 491 4451 sive
513 4396 544 4453 in
566 4399 791 4475 quaestionibus
813 4401 983 4478 perpetuis,
1008 4401 1073 4459 sive
1094 4399 1175 4478 apud
1199 4399 1319 4460 comitia
1342 4399 1475 4458 centuri·
