3196 5270
826 307 866 366 46

270 473 339 530 sint.
385 472 494 532 Elucet
517 481 632 547 autem,
656 473 833 552 saepissime
855 492 907 534 eas
930 492 1019 552 posse
1043 473 1218 534 commutari
1241 505 1283 518 -
1306 482 1339 532 ut
1360 491 1417 551 par

272 587 318 636 eat
342 578 370 636 in
394 579 543 656 ejusmodi
568 579 721 639 vocabulis
744 599 905 660 -noque
936 589 1037 640 tamen
1069 581 1107 639 de
1137 599 1228 640 sensu
1256 581 1417 660 quicquam

272 683 402 761 decerpi.
447 683 555 763 Itaque
587 686 618 744 in
649 686 702 764 iis,
736 706 814 766 quae
844 684 955 745 deinde
986 703 1153 763 exponam,
1184 689 1214 746 in
1244 687 1417 745 universum

272 796 387 847 tantum
400 788 500 848 dicere
511 789 610 864 liceat,
626 792 810 870 singularum
825 792 1037 872 particularum
1054 792 1171 851 ratione
1185 811 1244 851 non
1257 790 1417 850 habita.-

360 893 391 953 Si
414 895 445 954 in
468 897 640 954 memoriam
663 915 840 956 revocamus
862 916 941 976 quae
971 896 1010 957 de
1033 896 1214 975 explieativa
1243 896 1417 974 copularum

274 999 303 1054 vi
328 1017 381 1058 suo
404 1018 543 1080 quaeque
565 1001 631 1060 looo
655 1001 845 1080 expedienda
868 1012 963 1076 erant,
986 983 1030 1062 id‘
1040 1004 1069 1062 in
1093 1023 1129 1062 ea
1150 1021 1183 1060 ro
1208 1002 1312 1080 utique
1332 997 1419 1058 nobis

275 1104 438 1164 tenendum
461 1115 544 1178 erat,
572 1124 638 1165 esse
662 1106 788 1166 alteram
812 1115 907 1168 utram
942 1112 1156 1168 sententiarum
1187 1107 1236 1166 vel
1265 1105 1420 1164 notionum

274 1210 490 1284 generaliorem
514 1205 593 1293 (sivo
612 1232 628 1272 e
644 1213 758 1292 reipsa
779 1216 843 1274 sive
865 1233 904 1273 ex
926 1214 1109 1290 cogitatione
1131 1209 1307 1291 scriptoris),
1330 1227 1420 1289 quam

276 1317 444 1376 accuratius
468 1315 604 1377 definiret
635 1319 731 1378 altera
753 1319 883 1399 ideoque
908 1320 935 1379 ei
967 1320 1148 1381 inhaereret.
1203 1317 1306 1397 Atque
1328 1318 1352 1374 si
1373 1333 1422 1374 ac·

277 1423 373 1482 curati
395 1441 511 1498 sumus,
533 1423 679 1502 exemplis
702 1425 791 1503 quale
814 1433 862 1485 est
891 1426 973 1488 Hist.
995 1425 1021 1498 1,
1046 1428 1100 1486 70:
1132 1428 1328 1498 adaquanda
1349 1423 1422 1480 mua

277 1541 330 1588 tam
353 1542 378 1589 aa
399 1551 484 1604 ermae
505 1534 641 1604 legionum
663 1552 760 1604 opmea
781 1533 910 1608 vestigia
931 1532 1055 1592 rationis
1084 1530 1122 1590 do
1152 1550 1214 1612 qua
1244 1530 1300 1590 hoc
1322 1527 1423 1606 capite

278 1656 368 1714 agera
389 1637 419 1695 in
442 1638 541 1698 animo
564 1645 620 1707 est,
638 1639 704 1716 jam
729 1638 990 1718 deprehendimus.
1037 1638 1083 1698 Ac
1104 1639 1178 1699 mire
1200 1637 1335 1718 profecto
1359 1635 1423 1694 olu-

280 1755 327 1804 cet
351 1744 481 1802 studium
505 1743 700 1804 coordinandi
727 1747 757 1804 in
781 1747 933 1824 adjunctio
963 1745 1103 1805 ablativis
1132 1745 1276 1805 absolutis
1305 1744 1356 1823 qui
1380 1741 1424 1801 di·

279 1860 394 1924 cuntur,
418 1859 451 1912 ut
473 1851 554 1913 dnn.
575 1852 645 1926 XV,
671 1855 727 1912 12:
763 1857 811 1914 a'lle
836 1858 979 1913 interitus
1007 1866 1033 1912 et
1056 1865 1142 1929 porte
1172 1857 1317 1927 copiarum
1345 1855 1426 1924 apud
1505 1861 1507 1868 ’

280 1961 395 2018 Surium
425 1963 538 2032 relicto,
571 1960 734 2018 enuntiatis
763 1960 917 2042 relativis,
948 1961 1036 2040 qnale
1068 1959 1162 2020 habes
1198 1960 1279 2019 Hist.
1301 1957 1345 2031 II,
1369 1958 1425 2016 25:

280 2077 423 2126 memoror
443 2078 548 2124 autema
570 2078 595 2125 et
617 2070 663 2125 cui
682 2078 768 2126 nauto
790 2071 886 2142 potiare
918 2072 1036 2127 coasilio
1062 2073 1224 2142 placarent,
1258 2065 1426 2136 sententiis,

282 2165 451 2232 causalibus
475 2172 690 2252 hypotaoticis‚
724 2193 850 2252 quorum
873 2175 1046 2252 exemplum
1074 2173 1202 2256 praebet
1229 2172 1310 2232 Ano.
1336 2171 1426 2245 XVI,

285 2280 324 2340 15
341 2289 399 2339 oet.
446 2278 508 2339 Sed
531 2289 630 2338 tamon
654 2279 763 2339 talibus
786 2281 859 2340 locis
882 2281 964 2340 notio
994 2281 1048 2339 illa
1070 2280 1238 2357 generalior
1265 2285 1427 2358 utcumque

284 2389 418 2448 servavit
441 2389 500 2446 vim
525 2386 673 2466 quandam
705 2395 796 2467 atque
825 2393 1003 2464 gravitatem
1034 2389 1206 2467 propriam,
1238 2389 1281 2446 ita
1302 2393 1336 2445 ut
1359 2404 1427 2444 cum

284 2497 381 2556 altera
403 2504 433 2555 et
455 2495 631 2576 specialiora
654 2503 685 2553 et
708 2515 803 2575 aequo
827 2495 1050 2575 quodammodo
1081 2496 1221 2573 componi
1253 2501 1373 2574 posset,
1396 2491 1429 2552 id

284 2602 365 2682 quod
386 2602 420 2660 fit
441 2601 591 2681 particula
620 2620 702 2661 mere
732 2603 913 2682 copulativa.
972 2603 1014 2662 At
1043 2602 1161 2678 longius
1188 2609 1349 2680 provectus
1383 2608 1429 2658 ost

285 2710 433 2782 Tacitus,
468 2709 594 2787 quippe‘
611 2727 701 2787 quum
733 2708 813 2768 haud
845 2729 914 2768 raro
945 2711 988 2768 ita
1016 2716 1179 2788 componat
1207 2708 1363 2777 notiones,
1397 2716 1431 2765 ut

284 2816 453 2892 generalior
476 2833 594 2874 omnem
618 2835 715 2894 paene
737 2817 918 2892 gravitatem
940 2818 1073 2889 amittat,
1102 2835 1157 2875 nec
1178 2817 1236 2874 nisi
1259 2814 1298 2874 ad
1321 2815 1429 2874 consti·

284 2923 428 2984 tuendam
450 2923 576 2982 aiteram
598 2924 718 2992 valeat,
741 2943 819 3003 quae
841 2925 906 2984 aina
928 2925 983 2983 hac
1005 2925 1130 3000 cogitari
1152 2925 1266 3003 nequit.

373 3031 582 3110 Respiciamus
598 3031 688 3106 igitur
703 3030 812 3106 locum,
829 3051 918 3110 quom
935 3050 1027 3110 supra
1045 3032 1110 3108 jam
1127 3031 1279 3106 tetigimus
1296 3029 1385 3111 (Agr.
1399 3030 1430 3100 4,

286 3137 358 3196 vide
380 3156 445 3216 cap.
468 3136 494 3217 Ι,
518 3136 545 3217 §.
570 3143 598 3211 1,
622 3137 656 3218 5)
679 3145 713 3196 ut
735 3139 853 3216 copiam
887 3137 971 3197 nobis
1003 3137 1094 3197 faciat
1121 3135 1296 3196 transeundi
1327 3133 1365 3194 ad
1394 3154 1432 3194 ea

286 3246 315 3302 in
339 3263 416 3323 quae
440 3244 596 3302 tendimus.
640 3241 818 3322 Apparebat
841 3245 920 3302 enim
944 3263 982 3302 ex
1006 3263 1052 3316 co,
1075 3241 1431 3322 epexegesioaliquando

287 3353 328 3410 sic
352 3368 418 3409 esse
441 3357 654 3428 comparatam,
678 3359 711 3408 ut
733 3349 765 3409 id
788 3351 938 3428 exprimat
960 3349 1041 3429 quod
1065 3349 1186 3409 maximi
1211 3349 1355 3408 momenti
1377 3357 1432 3422 ost,

286 3458 370 3536 prius
394 3465 494 3516 autem
517 3459 703 3517 enuntiatum
728 3459 784 3517 nisi
806 3459 958 3517 notionem
982 3457 1153 3533 generalem
1177 3474 1255 3536 quae
1271 3453 1433 3534 praecedat

287 3567 473 3626 accessesit
502 3559 561 3624 uon
591 3563 734 3626 indicare.
787 3565 878 3626 Unde
911 3573 1110 3645 consequatur
1140 3571 1280 3643 oportet,
1310 3562 1367 3621 hoc
1397 3581 1433 3621 eo

287 3681 402 3733 tantum
426 3672 484 3731 fine
506 3675 709 3751 praepositum
734 3693 800 3733 esse
824 3684 857 3734 ut
880 3675 1005 3733 aiterum
1030 3673 1196 3732 membrum
1225 3672 1314 3730 altius
1347 3669 1434 3729 intel·

288 3781 409 3858 ligatur.
454 3780 544 3840 Ratio
568 3781 660 3856 igitur
685 3815 722 3824 -
747 3782 771 3839 si
795 3800 857 3840 rem
882 3781 978 3860 ipsam
1001 3788 1170 3858 spectamus
1195 3811 1232 3824 ·-
1257 3778 1343 3857 quasi
1366 3795 1435 3834 con·

289 3905 377 3946 versa
399 3895 456 3946 est.
499 3887 578 3946 Nam
601 3890 724 3966 proprie
756 3890 785 3946 in
817 3886 848 3948 id
877 3887 958 3968 quod
993 3888 1076 3966 priua
1104 3887 1274 3946 enuntietur
1305 3883 1435 3942 maximo

290 3994 461 4053 incumbere
485 4014 553 4053 eum
576 3994 628 4073 qui
650 3995 750 4054 dicat.
785 4005 889 4054 contra
921 3993 1070 4074 posterius
1093 4001 1126 4052 ut
1153 3991 1366 4070 explicativum
1390 4008 1435 4050 se·

292 4099 451 4159 cundarias
474 4108 588 4159 tantum
611 4111 714 4180 partes
737 4121 827 4178 agere
850 4111 1083 4161 consentaneum
1112 4109 1166 4159 eat.

378 4206 545 4264 Videamus
569 4209 716 4288 exempla.
760 4209 841 4269 Hist.
872 4208 928 4284 IV,
952 4209 1011 4268 56:
1045 4211 1144 4282 topatio
1168 4217 1275 4264 teatrum
1302 4208 1438 4279 lapioama

292 4316 445 4385 irucrjectie
465 4325 582 4372 catomum
600 4320 696 4389 colpus
718 4321 883 4378 comedentis
904 4320 1035 4376 acclama
1056 4327 1082 4373 et
1101 4335 1151 4390 apa
1164 4315 1337 4390 inmunitatis
1344 4315 1437 4385 focile

295 4439 472 4478 carmanum.
521 4419 577 4478 Hic
600 4439 707 4482 caussa
729 4443 789 4500 qua
811 4431 991 4482 commotum
1016 4421 1122 4496 volgus
1152 4437 1340 4479 accessurum
1370 4435 1437 4476 esse
