<?xml version="1.0" encoding="UTF-8"?>
<!DOCTYPE html PUBLIC "-//W3C//DTD XHTML 1.0 Transitional//EN"
    "http://www.w3.org/TR/xhtml1/DTD/xhtml1-transitional.dtd">
<html xmlns="http://www.w3.org/1999/xhtml" xml:lang="en" lang="en">
 <head>
  <title>
</title>
<meta http-equiv="Content-Type" content="text/html;charset=utf-8" />
  <meta name='ocr-system' content='tesseract 3.04.00' />
  <meta name='ocr-capabilities' content='ocr_page ocr_carea ocr_par ocr_line ocrx_word'/>
</head>
<body>
  <div class='ocr_page' id='page_1' title='image "./detacitiincompo00spitgoog_0046.png"; bbox 0 0 3196 5270; ppageno 0'>
   <div class='ocr_carea' id='block_1_1' title="bbox 672 353 728 448">
    <p class='ocr_par' dir='ltr' id='par_1_1' title="bbox 672 353 728 448">
     <span class='ocr_line' id='line_1_1' title="bbox 672 353 728 448; baseline -0.018 -35"><span class='ocrx_word' id='word_1_1' title='bbox 672 353 728 448; x_wconf 34' lang='lat'><strong>35·</strong></span> 
     </span>
    </p>
   </div>
   <div class='ocr_carea' id='block_1_2' title="bbox 116 518 1263 1753">
    <p class='ocr_par' dir='ltr' id='par_1_2' title="bbox 116 518 1263 1753">
     <span class='ocr_line' id='line_1_2' title="bbox 117 518 1258 605; baseline 0.004 -25"><span class='ocrx_word' id='word_1_2' title='bbox 117 521 274 583; x_wconf 74' lang='lat' dir='ltr'><strong>occasione</strong></span> <span class='ocrx_word' id='word_1_3' title='bbox 297 520 398 582; x_wconf 87' lang='lat' dir='ltr'><strong>oblata</strong></span> <span class='ocrx_word' id='word_1_4' title='bbox 420 529 571 601; x_wconf 83' lang='lat' dir='ltr'><strong>patratum</strong></span> <span class='ocrx_word' id='word_1_5' title='bbox 594 521 647 600; x_wconf 83' lang='lat' dir='ltr'><strong>(cl.</strong></span> <span class='ocrx_word' id='word_1_6' title='bbox 664 521 830 598; x_wconf 85' lang='lat' dir='ltr'><strong>Orellinm).</strong></span> <span class='ocrx_word' id='word_1_7' title='bbox 875 521 1015 583; x_wconf 82' lang='lat' dir='ltr'><strong>(letarum</strong></span> <span class='ocrx_word' id='word_1_8' title='bbox 1040 523 1144 583; x_wconf 85' lang='lat' dir='ltr'><strong>unicus</strong></span> <span class='ocrx_word' id='word_1_9' title='bbox 1167 531 1213 582; x_wconf 89' lang='lat' dir='ltr'><strong>cst</strong></span> <span class='ocrx_word' id='word_1_10' title='bbox 1225 518 1258 605; x_wconf 90' lang='lat'><strong>¹).</strong></span> 
     </span>
     <span class='ocr_line' id='line_1_3' title="bbox 118 629 1258 709; baseline 0.002 -21"><span class='ocrx_word' id='word_1_11' title='bbox 118 629 179 688; x_wconf 86' lang='lat' dir='ltr'><strong>Sed</strong></span> <span class='ocrx_word' id='word_1_12' title='bbox 202 649 293 708; x_wconf 89' lang='lat' dir='ltr'><strong>quum</strong></span> <span class='ocrx_word' id='word_1_13' title='bbox 317 649 355 688; x_wconf 84' lang='lat' dir='ltr'><strong>ex</strong></span> <span class='ocrx_word' id='word_1_14' title='bbox 377 637 463 709; x_wconf 89' lang='lat' dir='ltr'><strong>parte</strong></span> <span class='ocrx_word' id='word_1_15' title='bbox 485 629 615 689; x_wconf 86' lang='lat' dir='ltr'><strong>adversa</strong></span> <span class='ocrx_word' id='word_1_16' title='bbox 637 637 753 709; x_wconf 81' lang='lat' dir='ltr'><strong>septem</strong></span> <span class='ocrx_word' id='word_1_17' title='bbox 777 629 850 690; x_wconf 86' lang='lat' dir='ltr'><strong>locis</strong></span> <span class='ocrx_word' id='word_1_18' title='bbox 880 629 1089 705; x_wconf 83' lang='lat' dir='ltr'><strong>confirmetur,</strong></span> <span class='ocrx_word' id='word_1_19' title='bbox 1119 629 1258 690; x_wconf 76' lang='lat' dir='ltr'><strong>Tacitum</strong></span> 
     </span>
     <span class='ocr_line' id='line_1_4' title="bbox 118 736 1259 817; baseline 0.003 -22"><span class='ocrx_word' id='word_1_20' title='bbox 118 737 144 795; x_wconf 87' lang='lat' dir='ltr'><strong>si</strong></span> <span class='ocrx_word' id='word_1_21' title='bbox 168 736 205 795; x_wconf 91' lang='lat' dir='ltr'><strong>de</strong></span> <span class='ocrx_word' id='word_1_22' title='bbox 229 738 338 815; x_wconf 83' lang='lat' dir='ltr'><strong>exigua</strong></span> <span class='ocrx_word' id='word_1_23' title='bbox 361 739 449 816; x_wconf 86' lang='lat' dir='ltr'><strong>copia</strong></span> <span class='ocrx_word' id='word_1_24' title='bbox 470 745 579 813; x_wconf 84' lang='lat' dir='ltr'><strong>agetur</strong></span> <span class='ocrx_word' id='word_1_25' title='bbox 607 755 725 816; x_wconf 89' lang='lat' dir='ltr'><strong>semper</strong></span> <span class='ocrx_word' id='word_1_26' title='bbox 754 757 868 817; x_wconf 87' lang='lat' dir='ltr'><strong>ponere</strong></span> <span class='ocrx_word' id='word_1_27' title='bbox 898 738 1076 816; x_wconf 84' lang='lat' dir='ltr'><strong>particulam</strong></span> <span class='ocrx_word' id='word_1_28' title='bbox 1108 737 1259 816; x_wconf 86' lang='lat' dir='ltr'><strong>disjuncti·</strong></span> 
     </span>
     <span class='ocr_line' id='line_1_5' title="bbox 118 844 1261 925; baseline 0.004 -25"><span class='ocrx_word' id='word_1_29' title='bbox 118 861 205 916; x_wconf 83' lang='lat' dir='ltr'><strong>vam,</strong></span> <span class='ocrx_word' id='word_1_30' title='bbox 229 844 318 902; x_wconf 84' lang='lat' dir='ltr'><strong>etiam</strong></span> <span class='ocrx_word' id='word_1_31' title='bbox 341 844 392 902; x_wconf 93' lang='lat' dir='ltr'><strong>illo</strong></span> <span class='ocrx_word' id='word_1_32' title='bbox 414 845 482 903; x_wconf 92' lang='lat' dir='ltr'><strong>loco</strong></span> <span class='ocrx_word' id='word_1_33' title='bbox 509 863 526 904; x_wconf 89' lang='lat' dir='ltr'><strong>e</strong></span> <span class='ocrx_word' id='word_1_34' title='bbox 549 863 608 924; x_wconf 90' lang='lat' dir='ltr'><strong>quo</strong></span> <span class='ocrx_word' id='word_1_35' title='bbox 638 853 701 904; x_wconf 88' lang='lat' dir='ltr'><strong>tota</strong></span> <span class='ocrx_word' id='word_1_36' title='bbox 733 846 870 924; x_wconf 82' lang='lat' dir='ltr'><strong>quaestio</strong></span> <span class='ocrx_word' id='word_1_37' title='bbox 900 845 1013 924; x_wconf 86' lang='lat' dir='ltr'><strong>pendet</strong></span> <span class='ocrx_word' id='word_1_38' title='bbox 1038 865 1093 925; x_wconf 92' lang='lat' dir='ltr'><strong>pro</strong></span> <span class='ocrx_word' id='word_1_39' title='bbox 1122 850 1261 921; x_wconf 66' lang='lat' dir='ltr'><strong>tribusque</strong></span> 
     </span>
     <span class='ocr_line' id='line_1_6' title="bbox 117 947 1261 1030; baseline 0.003 -24"><span class='ocrx_word' id='word_1_40' title='bbox 117 947 306 1008; x_wconf 90' lang='lat' dir='ltr'><strong>scribendum</strong></span> <span class='ocrx_word' id='word_1_41' title='bbox 329 958 376 1008; x_wconf 86' lang='lat' dir='ltr'><strong>est</strong></span> <span class='ocrx_word' id='word_1_42' title='bbox 396 955 524 1010; x_wconf 66' lang='lat' dir='ltr'><strong>imbuere.</strong></span> <span class='ocrx_word' id='word_1_43' title='bbox 570 948 661 1010; x_wconf 88' lang='lat' dir='ltr'><strong>Addo</strong></span> <span class='ocrx_word' id='word_1_44' title='bbox 683 983 723 996; x_wconf 88' lang='lat'><em>-</em></span> <span class='ocrx_word' id='word_1_45' title='bbox 747 969 802 1011; x_wconf 90' lang='lat' dir='ltr'><strong>noc</strong></span> <span class='ocrx_word' id='word_1_46' title='bbox 823 951 854 1010; x_wconf 96' lang='lat' dir='ltr'><strong>id</strong></span> <span class='ocrx_word' id='word_1_47' title='bbox 876 952 963 1030; x_wconf 84' lang='lat' dir='ltr'><strong>perri</strong></span> <span class='ocrx_word' id='word_1_48' title='bbox 984 952 1129 1012; x_wconf 86' lang='lat' dir='ltr'><strong>momenti</strong></span> <span class='ocrx_word' id='word_1_49' title='bbox 1150 959 1197 1012; x_wconf 87' lang='lat' dir='ltr'><strong>est</strong></span> <span class='ocrx_word' id='word_1_50' title='bbox 1217 985 1261 998; x_wconf 91' lang='lat'><strong>-·</strong></span> 
     </span>
     <span class='ocr_line' id='line_1_7' title="bbox 118 1053 1261 1135; baseline 0.005 -25"><span class='ocrx_word' id='word_1_51' title='bbox 118 1053 161 1110; x_wconf 89' lang='lat' dir='ltr'><strong>sic</strong></span> <span class='ocrx_word' id='word_1_52' title='bbox 183 1054 280 1112; x_wconf 85' lang='lat' dir='ltr'><strong>solnm</strong></span> <span class='ocrx_word' id='word_1_53' title='bbox 303 1055 385 1113; x_wconf 85' lang='lat' dir='ltr'><strong>exire</strong></span> <span class='ocrx_word' id='word_1_54' title='bbox 407 1073 525 1114; x_wconf 89' lang='lat' dir='ltr'><strong>sensnm</strong></span> <span class='ocrx_word' id='word_1_55' title='bbox 548 1053 587 1114; x_wconf 86' lang='lat' dir='ltr'><strong>cd</strong></span> <span class='ocrx_word' id='word_1_56' title='bbox 609 1074 672 1114; x_wconf 86' lang='lat' dir='ltr'><strong>rem</strong></span> <span class='ocrx_word' id='word_1_57' title='bbox 695 1056 950 1116; x_wconf 83' lang='lat' dir='ltr'><strong>accommodatum</strong></span> <span class='ocrx_word' id='word_1_58' title='bbox 969 1055 1074 1135; x_wconf 88' lang='lat' dir='ltr'><strong>[selten</strong></span> <span class='ocrx_word' id='word_1_59' title='bbox 1089 1057 1261 1134; x_wconf 86' lang='lat' dir='ltr'><strong>vereinigen</strong></span> 
     </span>
     <span class='ocr_line' id='line_1_8' title="bbox 116 1158 1261 1242; baseline 0.004 -25"><span class='ocrx_word' id='word_1_60' title='bbox 116 1158 181 1217; x_wconf 85' lang='lat' dir='ltr'><strong>sich</strong></span> <span class='ocrx_word' id='word_1_61' title='bbox 205 1160 278 1219; x_wconf 76' lang='lat' dir='ltr'><strong>zuei</strong></span> <span class='ocrx_word' id='word_1_62' title='bbox 300 1159 373 1218; x_wconf 89' lang='lat' dir='ltr'><strong>oder</strong></span> <span class='ocrx_word' id='word_1_63' title='bbox 402 1159 561 1220; x_wconf 81' lang='lat' dir='ltr'><strong>hdchstens</strong></span> <span class='ocrx_word' id='word_1_64' title='bbox 594 1159 658 1219; x_wconf 85' lang='lat' dir='ltr'><strong>drei</strong></span> <span class='ocrx_word' id='word_1_65' title='bbox 690 1159 840 1242; x_wconf 82' lang='lat' dir='ltr'><strong>Staeten);</strong></span> <span class='ocrx_word' id='word_1_66' title='bbox 875 1161 1015 1221; x_wconf 85' lang='lat' dir='ltr'><strong>Wexium</strong></span> <span class='ocrx_word' id='word_1_67' title='bbox 1046 1171 1146 1223; x_wconf 85' lang='lat' dir='ltr'><strong>autom</strong></span> <span class='ocrx_word' id='word_1_68' title='bbox 1170 1163 1195 1221; x_wconf 86' lang='lat' dir='ltr'><strong>ei</strong></span> <span class='ocrx_word' id='word_1_69' title='bbox 1216 1180 1261 1222; x_wconf 86' lang='lat' dir='ltr'><strong>se·</strong></span> 
     </span>
     <span class='ocr_line' id='line_1_9' title="bbox 119 1265 1261 1348; baseline 0.003 -23"><span class='ocrx_word' id='word_1_70' title='bbox 119 1285 265 1345; x_wconf 82' lang='lat' dir='ltr'><strong>quemur,</strong></span> <span class='ocrx_word' id='word_1_71' title='bbox 297 1265 329 1325; x_wconf 94' lang='lat' dir='ltr'><strong>id</strong></span> <span class='ocrx_word' id='word_1_72' title='bbox 351 1265 433 1345; x_wconf 93' lang='lat' dir='ltr'><strong>quod</strong></span> <span class='ocrx_word' id='word_1_73' title='bbox 454 1267 586 1326; x_wconf 79' lang='lat' dir='ltr'><strong>maxime</strong></span> <span class='ocrx_word' id='word_1_74' title='bbox 617 1286 636 1326; x_wconf 89' lang='lat' dir='ltr'><strong>a</strong></span> <span class='ocrx_word' id='word_1_75' title='bbox 664 1267 832 1342; x_wconf 74' lang='lat' dir='ltr'><strong>legentibus</strong></span> <span class='ocrx_word' id='word_1_76' title='bbox 863 1277 1055 1347; x_wconf 84' lang='lat' dir='ltr'><strong>exspectetur</strong></span> <span class='ocrx_word' id='word_1_77' title='bbox 1088 1270 1261 1348; x_wconf 83' lang='lat' dir='ltr'><strong>scriptorem</strong></span> 
     </span>
     <span class='ocr_line' id='line_1_10' title="bbox 119 1370 1262 1448; baseline 0.003 -18"><span class='ocrx_word' id='word_1_78' title='bbox 119 1391 180 1431; x_wconf 90' lang='lat' dir='ltr'><strong>non</strong></span> <span class='ocrx_word' id='word_1_79' title='bbox 203 1371 316 1448; x_wconf 87' lang='lat' dir='ltr'><strong>dicere;</strong></span> <span class='ocrx_word' id='word_1_80' title='bbox 347 1391 415 1431; x_wconf 87' lang='lat' dir='ltr'><strong>nam</strong></span> <span class='ocrx_word' id='word_1_81' title='bbox 446 1373 471 1430; x_wconf 92' lang='lat' dir='ltr'><strong>si</strong></span> <span class='ocrx_word' id='word_1_82' title='bbox 502 1391 586 1431; x_wconf 88' lang='lat' dir='ltr'><strong>rarus</strong></span> <span class='ocrx_word' id='word_1_83' title='bbox 614 1370 738 1432; x_wconf 85' lang='lat' dir='ltr'><strong>duarum</strong></span> <span class='ocrx_word' id='word_1_84' title='bbox 762 1380 794 1431; x_wconf 88' lang='lat' dir='ltr'><strong>et</strong></span> <span class='ocrx_word' id='word_1_85' title='bbox 815 1375 903 1433; x_wconf 88' lang='lat' dir='ltr'><strong>trium</strong></span> <span class='ocrx_word' id='word_1_86' title='bbox 927 1374 1082 1435; x_wconf 86' lang='lat' dir='ltr'><strong>civitatum</strong></span> <span class='ocrx_word' id='word_1_87' title='bbox 1114 1375 1172 1435; x_wconf 83' lang='lat' dir='ltr'><strong>fnit</strong></span> <span class='ocrx_word' id='word_1_88' title='bbox 1194 1394 1262 1434; x_wconf 88' lang='lat' dir='ltr'><strong>con·</strong></span> 
     </span>
     <span class='ocr_line' id='line_1_11' title="bbox 118 1477 1262 1558; baseline 0.004 -22"><span class='ocrx_word' id='word_1_89' title='bbox 118 1485 242 1551; x_wconf 81' lang='lat' dir='ltr'><strong>ventus,</strong></span> <span class='ocrx_word' id='word_1_90' title='bbox 265 1477 336 1538; x_wconf 90' lang='lat' dir='ltr'><strong>inde</strong></span> <span class='ocrx_word' id='word_1_91' title='bbox 358 1499 418 1538; x_wconf 92' lang='lat' dir='ltr'><strong>non</strong></span> <span class='ocrx_word' id='word_1_92' title='bbox 441 1479 650 1558; x_wconf 86' lang='lat' dir='ltr'><strong>consequitur,</strong></span> <span class='ocrx_word' id='word_1_93' title='bbox 672 1479 748 1538; x_wconf 84' lang='lat' dir='ltr'><strong>tales</strong></span> <span class='ocrx_word' id='word_1_94' title='bbox 771 1488 935 1540; x_wconf 87' lang='lat' dir='ltr'><strong>conventus</strong></span> <span class='ocrx_word' id='word_1_95' title='bbox 958 1482 1077 1540; x_wconf 90' lang='lat' dir='ltr'><strong>omnino</strong></span> <span class='ocrx_word' id='word_1_96' title='bbox 1097 1481 1262 1542; x_wconf 81' lang='lat' dir='ltr'><strong>rarissimos</strong></span> 
     </span>
     <span class='ocr_line' id='line_1_12' title="bbox 121 1584 1263 1669; baseline 0.004 -25"><span class='ocrx_word' id='word_1_97' title='bbox 121 1584 236 1658; x_wconf 82' lang='lat' dir='ltr'><strong>fuisse,</strong></span> <span class='ocrx_word' id='word_1_98' title='bbox 266 1585 321 1644; x_wconf 90' lang='lat' dir='ltr'><strong>sed</strong></span> <span class='ocrx_word' id='word_1_99' title='bbox 352 1586 425 1644; x_wconf 91' lang='lat' dir='ltr'><strong>nihil</strong></span> <span class='ocrx_word' id='word_1_100' title='bbox 449 1584 547 1645; x_wconf 87' lang='lat' dir='ltr'><strong>obstat</strong></span> <span class='ocrx_word' id='word_1_101' title='bbox 577 1586 647 1666; x_wconf 91' lang='lat' dir='ltr'><strong>quin</strong></span> <span class='ocrx_word' id='word_1_102' title='bbox 670 1585 850 1661; x_wconf 79' lang='lat' dir='ltr'><strong>cogitemus,</strong></span> <span class='ocrx_word' id='word_1_103' title='bbox 882 1593 1024 1667; x_wconf 84' lang='lat' dir='ltr'><strong>quattuor</strong></span> <span class='ocrx_word' id='word_1_104' title='bbox 1053 1588 1103 1650; x_wconf 90' lang='lat' dir='ltr'><strong>vel</strong></span> <span class='ocrx_word' id='word_1_105' title='bbox 1132 1588 1263 1669; x_wconf 90' lang='lat' dir='ltr'><strong>quinque</strong></span> 
     </span>
     <span class='ocr_line' id='line_1_13' title="bbox 121 1691 526 1753; baseline -0.005 -2"><span class='ocrx_word' id='word_1_106' title='bbox 121 1693 257 1752; x_wconf 83' lang='lat' dir='ltr'><strong>civitates</strong></span> <span class='ocrx_word' id='word_1_107' title='bbox 280 1691 466 1753; x_wconf 82' lang='lat' dir='ltr'><strong>convenisse.</strong></span> <span class='ocrx_word' id='word_1_108' title='bbox 490 1725 526 1736; x_wconf 84' lang='lat'><strong>-—</strong></span> 
     </span>
    </p>
   </div>
   <div class='ocr_carea' id='block_1_3' title="bbox 208 1799 1370 1876">
    <p class='ocr_par' dir='ltr' id='par_1_3' title="bbox 208 1799 1370 1876">
     <span class='ocr_line' id='line_1_14' title="bbox 208 1799 1370 1876; baseline 0 -18"><span class='ocrx_word' id='word_1_109' title='bbox 208 1801 250 1859; x_wconf 91' lang='lat' dir='ltr'><strong>At</strong></span> <span class='ocrx_word' id='word_1_110' title='bbox 272 1799 400 1859; x_wconf 83' lang='lat' dir='ltr'><strong>fortusse</strong></span> <span class='ocrx_word' id='word_1_111' title='bbox 423 1799 461 1860; x_wconf 90' lang='lat' dir='ltr'><strong>de</strong></span> <span class='ocrx_word' id='word_1_112' title='bbox 483 1799 539 1858; x_wconf 87' lang='lat' dir='ltr'><strong>hac</strong></span> <span class='ocrx_word' id='word_1_113' title='bbox 562 1818 594 1858; x_wconf 87' lang='lat' dir='ltr'><strong>re</strong></span> <span class='ocrx_word' id='word_1_114' title='bbox 618 1810 677 1858; x_wconf 87' lang='lat' dir='ltr'><strong>tam</strong></span> <span class='ocrx_word' id='word_1_115' title='bbox 700 1800 795 1860; x_wconf 87' lang='lat' dir='ltr'><strong>multa</strong></span> <span class='ocrx_word' id='word_1_116' title='bbox 816 1800 910 1860; x_wconf 88' lang='lat' dir='ltr'><strong>verba</strong></span> <span class='ocrx_word' id='word_1_117' title='bbox 933 1820 991 1860; x_wconf 91' lang='lat' dir='ltr'><strong>non</strong></span> <span class='ocrx_word' id='word_1_118' title='bbox 1020 1801 1175 1876; x_wconf 82' lang='lat' dir='ltr'><strong>fecissem,</strong></span> <span class='ocrx_word' id='word_1_119' title='bbox 1208 1803 1264 1861; x_wconf 91' lang='lat' dir='ltr'><strong>nisi</strong></span> <span class='ocrx_word' id='word_1_120' title='bbox 1367 1847 1370 1858; x_wconf 71' lang='grc'>,</span> 
     </span>
    </p>
   </div>
   <div class='ocr_carea' id='block_1_4' title="bbox 119 1905 1270 3686">
    <p class='ocr_par' dir='ltr' id='par_1_4' title="bbox 119 1905 1270 3686">
     <span class='ocr_line' id='line_1_15' title="bbox 119 1905 1265 1998; baseline 0.001 -33"><span class='ocrx_word' id='word_1_121' title='bbox 119 1908 150 1965; x_wconf 92' lang='lat' dir='ltr'><strong>in</strong></span> <span class='ocrx_word' id='word_1_122' title='bbox 174 1915 275 1966; x_wconf 88' lang='lat' dir='ltr'><strong>mente</strong></span> <span class='ocrx_word' id='word_1_123' title='bbox 296 1905 437 1965; x_wconf 89' lang='lat' dir='ltr'><strong>haberem</strong></span> <span class='ocrx_word' id='word_1_124' title='bbox 460 1906 498 1965; x_wconf 88' lang='lat' dir='ltr'><strong>de</strong></span> <span class='ocrx_word' id='word_1_125' title='bbox 520 1906 579 1965; x_wconf 87' lang='lat' dir='ltr'><strong>alio</strong></span> <span class='ocrx_word' id='word_1_126' title='bbox 601 1906 668 1966; x_wconf 90' lang='lat' dir='ltr'><strong>loco</strong></span> <span class='ocrx_word' id='word_1_127' title='bbox 697 1923 787 1982; x_wconf 86' lang='lat' dir='ltr'><strong>agere</strong></span> <span class='ocrx_word' id='word_1_128' title='bbox 817 1905 914 1966; x_wconf 86' lang='lat' dir='ltr'><strong>adhuc</strong></span> <span class='ocrx_word' id='word_1_129' title='bbox 936 1906 1058 1998; x_wconf 61' lang='lat' dir='ltr'><strong>intacto.</strong></span> <span class='ocrx_word' id='word_1_130' title='bbox 1102 1908 1131 1966; x_wconf 92' lang='lat' dir='ltr'><strong>ls</strong></span> <span class='ocrx_word' id='word_1_131' title='bbox 1155 1907 1265 1982; x_wconf 83' lang='lat' dir='ltr'><strong>legitur</strong></span> 
     </span>
     <span class='ocr_line' id='line_1_16' title="bbox 122 2011 1266 2087; baseline 0.003 -17"><span class='ocrx_word' id='word_1_132' title='bbox 122 2011 202 2072; x_wconf 80' lang='lat' dir='ltr'><strong>Anu.</strong></span> <span class='ocrx_word' id='word_1_133' title='bbox 225 2011 318 2083; x_wconf 84' lang='lat' dir='ltr'>XIII,</span> <span class='ocrx_word' id='word_1_134' title='bbox 341 2013 399 2071; x_wconf 81' lang='lat'><strong>46:</strong></span> <span class='ocrx_word' id='word_1_135' title='bbox 421 2017 464 2069; x_wconf 74' lang='lat' dir='ltr'><strong>iris</strong></span> <span class='ocrx_word' id='word_1_136' title='bbox 486 2025 568 2086; x_wconf 73' lang='lat' dir='ltr'><strong>atquc</strong></span> <span class='ocrx_word' id='word_1_137' title='bbox 594 2017 697 2071; x_wconf 66' lang='lat' dir='ltr'><strong>talibus</strong></span> <span class='ocrx_word' id='word_1_138' title='bbox 723 2018 904 2074; x_wconf 63' lang='lat' dir='ltr'><strong>irritamento</strong></span> <span class='ocrx_word' id='word_1_139' title='bbox 929 2036 984 2074; x_wconf 84' lang='lat' dir='ltr'><strong>uon</strong></span> <span class='ocrx_word' id='word_1_140' title='bbox 1018 2018 1101 2087; x_wconf 81' lang='lat' dir='ltr'><strong>lonpa</strong></span> <span class='ocrx_word' id='word_1_141' title='bbox 1129 2019 1266 2074; x_wconf 78' lang='lat' dir='ltr'><strong>mactatio</strong></span> 
     </span>
     <span class='ocr_line' id='line_1_17' title="bbox 119 2121 1267 2194; baseline 0 -16"><span class='ocrx_word' id='word_1_142' title='bbox 119 2121 319 2194; x_wconf 64' lang='lat' dir='ltr'><strong>cauponum,</strong></span> <span class='ocrx_word' id='word_1_143' title='bbox 339 2125 390 2176; x_wconf 82' lang='lat' dir='ltr'><strong>scd</strong></span> <span class='ocrx_word' id='word_1_144' title='bbox 412 2129 523 2192; x_wconf 81' lang='lat' dir='ltr'><strong>accepto</strong></span> <span class='ocrx_word' id='word_1_145' title='bbox 545 2121 626 2176; x_wconf 82' lang='lat' dir='ltr'><strong>aditu</strong></span> <span class='ocrx_word' id='word_1_146' title='bbox 647 2123 784 2193; x_wconf 79' lang='lat' dir='ltr'><strong>Poppaea</strong></span> <span class='ocrx_word' id='word_1_147' title='bbox 800 2123 924 2193; x_wconf 84' lang='lat' dir='ltr'><strong>primum</strong></span> <span class='ocrx_word' id='word_1_148' title='bbox 948 2141 1002 2194; x_wconf 80' lang='lat' dir='ltr'><strong>per</strong></span> <span class='ocrx_word' id='word_1_149' title='bbox 1031 2123 1221 2179; x_wconf 76' lang='lat' dir='ltr'><strong>dimedimcuto</strong></span> <span class='ocrx_word' id='word_1_150' title='bbox 1242 2131 1267 2178; x_wconf 87' lang='lat' dir='ltr'><strong>et</strong></span> 
     </span>
     <span class='ocr_line' id='line_1_18' title="bbox 123 2230 1265 2304; baseline -0.001 -17"><span class='ocrx_word' id='word_1_151' title='bbox 123 2241 197 2287; x_wconf 79' lang='lat' dir='ltr'><strong>arten</strong></span> <span class='ocrx_word' id='word_1_152' title='bbox 219 2232 370 2300; x_wconf 71' lang='lat' dir='ltr'><strong>numerere,</strong></span> <span class='ocrx_word' id='word_1_153' title='bbox 393 2230 528 2300; x_wconf 81' lang='lat' dir='ltr'><strong>imparem</strong></span> <span class='ocrx_word' id='word_1_154' title='bbox 549 2231 677 2304; x_wconf 76' lang='lat' dir='ltr'><strong>cupidini</strong></span> <span class='ocrx_word' id='word_1_155' title='bbox 697 2249 726 2286; x_wconf 82' lang='lat' dir='ltr'><strong>ec</strong></span> <span class='ocrx_word' id='word_1_156' title='bbox 748 2239 773 2286; x_wconf 88' lang='lat' dir='ltr'><strong>et</strong></span> <span class='ocrx_word' id='word_1_157' title='bbox 789 2235 889 2300; x_wconf 88' lang='lat' dir='ltr'><strong>formo</strong></span> <span class='ocrx_word' id='word_1_158' title='bbox 910 2231 1030 2286; x_wconf 78' lang='lat' dir='ltr'><strong>Neronia</strong></span> <span class='ocrx_word' id='word_1_159' title='bbox 1051 2239 1163 2301; x_wconf 81' lang='lat' dir='ltr'><strong>captum</strong></span> <span class='ocrx_word' id='word_1_160' title='bbox 1183 2232 1265 2286; x_wconf 83' lang='lat' dir='ltr'><strong>simu·</strong></span> 
     </span>
     <span class='ocr_line' id='line_1_19' title="bbox 121 2335 1267 2407; baseline -0.002 -15"><span class='ocrx_word' id='word_1_161' title='bbox 121 2339 201 2406; x_wconf 86' lang='lat' dir='ltr'><strong>lom,·</strong></span> <span class='ocrx_word' id='word_1_162' title='bbox 220 2355 284 2392; x_wconf 80' lang='lat' dir='ltr'><strong>ntea</strong></span> <span class='ocrx_word' id='word_1_163' title='bbox 305 2336 445 2405; x_wconf 74' lang='lat' dir='ltr'><strong>coliium</strong></span> <span class='ocrx_word' id='word_1_164' title='bbox 463 2335 604 2406; x_wconf 81' lang='lat' dir='ltr'><strong>principis</strong></span> <span class='ocrx_word' id='word_1_165' title='bbox 626 2354 719 2391; x_wconf 81' lang='lat' dir='ltr'><strong>ornare</strong></span> <span class='ocrx_word' id='word_1_166' title='bbox 741 2337 782 2391; x_wconf 84' lang='lat' dir='ltr'><strong>od</strong></span> <span class='ocrx_word' id='word_1_167' title='bbox 801 2338 960 2407; x_wconf 79' lang='lat' dir='ltr'><strong>cuperhiam</strong></span> <span class='ocrx_word' id='word_1_168' title='bbox 982 2345 1102 2406; x_wconf 75' lang='lat' dir='ltr'><strong>camene,</strong></span> <span class='ocrx_word' id='word_1_169' title='bbox 1135 2338 1162 2392; x_wconf 85' lang='lat' dir='ltr'><strong>si</strong></span> <span class='ocrx_word' id='word_1_170' title='bbox 1191 2338 1267 2391; x_wconf 86' lang='lat' dir='ltr'><strong>ultro</strong></span> 
     </span>
     <span class='ocr_line' id='line_1_20' title="bbox 121 2441 1269 2514; baseline 0 -17"><span class='ocrx_word' id='word_1_171' title='bbox 121 2461 207 2497; x_wconf 84' lang='lat' dir='ltr'><strong>uuum</strong></span> <span class='ocrx_word' id='word_1_172' title='bbox 230 2443 401 2512; x_wconf 73' lang='lat' dir='ltr'><strong>alternumque</strong></span> <span class='ocrx_word' id='word_1_173' title='bbox 420 2449 525 2496; x_wconf 73' lang='lat' dir='ltr'><strong>meacm</strong></span> <span class='ocrx_word' id='word_1_174' title='bbox 546 2441 722 2514; x_wconf 72' lang='lat' dir='ltr'><strong>mainerum,</strong></span> <span class='ocrx_word' id='word_1_175' title='bbox 757 2452 872 2513; x_wconf 81' lang='lat' dir='ltr'><strong>nuptam</strong></span> <span class='ocrx_word' id='word_1_176' title='bbox 907 2460 964 2498; x_wconf 82' lang='lat' dir='ltr'><strong>esec</strong></span> <span class='ocrx_word' id='word_1_177' title='bbox 992 2459 1020 2496; x_wconf 79' lang='lat' dir='ltr'><strong>se</strong></span> <span class='ocrx_word' id='word_1_178' title='bbox 1050 2443 1197 2512; x_wconf 79' lang='lat' dir='ltr'><strong>dictitare,</strong></span> <span class='ocrx_word' id='word_1_179' title='bbox 1219 2459 1269 2497; x_wconf 85' lang='lat' dir='ltr'><strong>nce</strong></span> 
     </span>
     <span class='ocr_line' id='line_1_21' title="bbox 120 2548 1268 2620; baseline -0.002 -16"><span class='ocrx_word' id='word_1_180' title='bbox 120 2567 201 2620; x_wconf 78' lang='lat' dir='ltr'><strong>posse</strong></span> <span class='ocrx_word' id='word_1_181' title='bbox 230 2548 435 2603; x_wconf 78' lang='lat' dir='ltr'><strong>matrimonium</strong></span> <span class='ocrx_word' id='word_1_182' title='bbox 466 2549 590 2604; x_wconf 81' lang='lat' dir='ltr'><strong>amittere</strong></span> <span class='ocrx_word' id='word_1_183' title='bbox 619 2549 776 2604; x_wconf 74' lang='lat' dir='ltr'><strong>deoiumum</strong></span> <span class='ocrx_word' id='word_1_184' title='bbox 807 2549 909 2604; x_wconf 79' lang='lat' dir='ltr'><strong>Otlzoui</strong></span> <span class='ocrx_word' id='word_1_185' title='bbox 936 2565 991 2619; x_wconf 87' lang='lat' dir='ltr'><strong>per</strong></span> <span class='ocrx_word' id='word_1_186' title='bbox 1019 2548 1052 2601; x_wconf 82' lang='lat' dir='ltr'><strong>id</strong></span> <span class='ocrx_word' id='word_1_187' title='bbox 1084 2563 1167 2618; x_wconf 81' lang='lat' dir='ltr'><strong>penus</strong></span> <span class='ocrx_word' id='word_1_188' title='bbox 1195 2548 1268 2602; x_wconf 84' lang='lat' dir='ltr'><strong>uitae</strong></span> 
     </span>
     <span class='ocr_line' id='line_1_22' title="bbox 120 2649 1267 2730; baseline -0.001 -19"><span class='ocrx_word' id='word_1_189' title='bbox 120 2659 197 2728; x_wconf 72' lang='lat' dir='ltr'><strong>quod</strong></span> <span class='ocrx_word' id='word_1_190' title='bbox 218 2672 296 2710; x_wconf 78' lang='lat' dir='ltr'><strong>nense</strong></span> <span class='ocrx_word' id='word_1_191' title='bbox 317 2657 497 2726; x_wconf 74' lang='lat' dir='ltr'><strong>adaequaret.</strong></span> <span class='ocrx_word' id='word_1_192' title='bbox 553 2651 621 2728; x_wconf 82' lang='lat' dir='ltr'><strong>Qua</strong></span> <span class='ocrx_word' id='word_1_193' title='bbox 643 2649 682 2712; x_wconf 89' lang='lat' dir='ltr'><strong>de</strong></span> <span class='ocrx_word' id='word_1_194' title='bbox 705 2671 737 2710; x_wconf 92' lang='lat' dir='ltr'><strong>re</strong></span> <span class='ocrx_word' id='word_1_195' title='bbox 761 2659 867 2727; x_wconf 81' lang='lat' dir='ltr'><strong>agatur</strong></span> <span class='ocrx_word' id='word_1_196' title='bbox 890 2670 928 2710; x_wconf 90' lang='lat' dir='ltr'><strong>ex</strong></span> <span class='ocrx_word' id='word_1_197' title='bbox 950 2651 1016 2710; x_wconf 92' lang='lat' dir='ltr'><strong>loco</strong></span> <span class='ocrx_word' id='word_1_198' title='bbox 1038 2651 1104 2730; x_wconf 90' lang='lat' dir='ltr'><strong>ipso</strong></span> <span class='ocrx_word' id='word_1_199' title='bbox 1128 2650 1267 2728; x_wconf 79' lang='lat' dir='ltr'><strong>intelligi·</strong></span> 
     </span>
     <span class='ocr_line' id='line_1_23' title="bbox 121 2755 1268 2840; baseline -0.003 -22"><span class='ocrx_word' id='word_1_200' title='bbox 121 2769 184 2831; x_wconf 89' lang='lat' dir='ltr'><strong>tur,</strong></span> <span class='ocrx_word' id='word_1_201' title='bbox 208 2777 298 2840; x_wconf 88' lang='lat' dir='ltr'><strong>quem</strong></span> <span class='ocrx_word' id='word_1_202' title='bbox 321 2757 361 2817; x_wconf 90' lang='lat' dir='ltr'><strong>ad</strong></span> <span class='ocrx_word' id='word_1_203' title='bbox 383 2757 462 2817; x_wconf 91' lang='lat' dir='ltr'><strong>hunc</strong></span> <span class='ocrx_word' id='word_1_204' title='bbox 482 2757 572 2817; x_wconf 89' lang='lat' dir='ltr'><strong>finem</strong></span> <span class='ocrx_word' id='word_1_205' title='bbox 595 2765 689 2817; x_wconf 88' lang='lat' dir='ltr'><strong>totum</strong></span> <span class='ocrx_word' id='word_1_206' title='bbox 714 2755 869 2836; x_wconf 86' lang='lat' dir='ltr'><strong>adscripsi.</strong></span> <span class='ocrx_word' id='word_1_207' title='bbox 923 2757 1085 2832; x_wconf 77' lang='lat' dir='ltr'><strong>Quaeritur</strong></span> <span class='ocrx_word' id='word_1_208' title='bbox 1109 2756 1146 2818; x_wconf 87' lang='lat' dir='ltr'><strong>de</strong></span> <span class='ocrx_word' id='word_1_209' title='bbox 1167 2757 1268 2816; x_wconf 81' lang='lat' dir='ltr'><strong>verbis</strong></span> 
     </span>
     <span class='ocr_line' id='line_1_24' title="bbox 122 2861 1268 2941; baseline -0.003 -18"><span class='ocrx_word' id='word_1_210' title='bbox 122 2869 148 2923; x_wconf 82' lang='lat' dir='ltr'><strong>ai</strong></span> <span class='ocrx_word' id='word_1_211' title='bbox 166 2868 245 2924; x_wconf 84' lang='lat' dir='ltr'><strong>ultra</strong></span> <span class='ocrx_word' id='word_1_212' title='bbox 266 2884 352 2921; x_wconf 82' lang='lat' dir='ltr'><strong>uuam</strong></span> <span class='ocrx_word' id='word_1_213' title='bbox 373 2867 544 2937; x_wconf 79' lang='lat' dir='ltr'><strong>alteramque</strong></span> <span class='ocrx_word' id='word_1_214' title='bbox 565 2875 669 2922; x_wconf 79' lang='lat' dir='ltr'><strong>uectem</strong></span> <span class='ocrx_word' id='word_1_215' title='bbox 690 2867 858 2922; x_wconf 80' lang='lat' dir='ltr'><strong>attineretur.</strong></span> <span class='ocrx_word' id='word_1_216' title='bbox 903 2862 994 2941; x_wconf 81' lang='lat' dir='ltr'><strong>Apud</strong></span> <span class='ocrx_word' id='word_1_217' title='bbox 1019 2881 1111 2922; x_wconf 90' lang='lat' dir='ltr'><strong>unum</strong></span> <span class='ocrx_word' id='word_1_218' title='bbox 1133 2861 1268 2922; x_wconf 88' lang='lat' dir='ltr'><strong>Doeder-</strong></span> 
     </span>
     <span class='ocr_line' id='line_1_25' title="bbox 122 2966 1270 3049; baseline -0.002 -21"><span class='ocrx_word' id='word_1_219' title='bbox 122 2970 217 3028; x_wconf 91' lang='lat' dir='ltr'><strong>linum</strong></span> <span class='ocrx_word' id='word_1_220' title='bbox 241 2967 320 3045; x_wconf 82' lang='lat' dir='ltr'><strong>[nam</strong></span> <span class='ocrx_word' id='word_1_221' title='bbox 344 2969 437 3028; x_wconf 85' lang='lat' dir='ltr'><strong>ceteri</strong></span> <span class='ocrx_word' id='word_1_222' title='bbox 460 2969 608 3044; x_wconf 85' lang='lat' dir='ltr'><strong>editores,</strong></span> <span class='ocrx_word' id='word_1_223' title='bbox 632 2970 662 3028; x_wconf 94' lang='lat' dir='ltr'><strong>in</strong></span> <span class='ocrx_word' id='word_1_224' title='bbox 685 2978 828 3049; x_wconf 87' lang='lat' dir='ltr'><strong>qnantum</strong></span> <span class='ocrx_word' id='word_1_225' title='bbox 853 2987 909 3044; x_wconf 85' lang='lat' dir='ltr'><strong>ego</strong></span> <span class='ocrx_word' id='word_1_226' title='bbox 932 2987 983 3027; x_wconf 87' lang='lat' dir='ltr'><strong>eos</strong></span> <span class='ocrx_word' id='word_1_227' title='bbox 1006 2968 1134 3047; x_wconf 85' lang='lat' dir='ltr'><strong>inspexi,</strong></span> <span class='ocrx_word' id='word_1_228' title='bbox 1157 2966 1270 3048; x_wconf 85' lang='lat' dir='ltr'><strong>tacent)</strong></span> 
     </span>
     <span class='ocr_line' id='line_1_26' title="bbox 122 3073 1270 3155; baseline -0.003 -21"><span class='ocrx_word' id='word_1_229' title='bbox 122 3076 254 3151; x_wconf 83' lang='lat' dir='ltr'><strong>legitur,</strong></span> <span class='ocrx_word' id='word_1_230' title='bbox 278 3075 324 3134; x_wconf 89' lang='lat' dir='ltr'><strong>his</strong></span> <span class='ocrx_word' id='word_1_231' title='bbox 347 3074 447 3134; x_wconf 86' lang='lat' dir='ltr'><strong>verbis</strong></span> <span class='ocrx_word' id='word_1_232' title='bbox 470 3076 579 3155; x_wconf 87' lang='lat' dir='ltr'><strong>respici</strong></span> <span class='ocrx_word' id='word_1_233' title='bbox 601 3074 783 3135; x_wconf 86' lang='lat' dir='ltr'><strong>trinoctium.</strong></span> <span class='ocrx_word' id='word_1_234' title='bbox 827 3073 859 3131; x_wconf 91' lang='lat' dir='ltr'><strong>Is</strong></span> <span class='ocrx_word' id='word_1_235' title='bbox 880 3073 972 3149; x_wconf 83' lang='lat' dir='ltr'><strong>igitur</strong></span> <span class='ocrx_word' id='word_1_236' title='bbox 987 3073 1079 3132; x_wconf 82' lang='lat' dir='ltr'><strong>verba</strong></span> <span class='ocrx_word' id='word_1_237' title='bbox 1094 3075 1172 3132; x_wconf 87' lang='lat' dir='ltr'><strong>ultra</strong></span> <span class='ocrx_word' id='word_1_238' title='bbox 1185 3095 1270 3132; x_wconf 86' lang='lat' dir='ltr'><strong>uuum</strong></span> 
     </span>
     <span class='ocr_line' id='line_1_27' title="bbox 123 3178 1269 3259; baseline -0.003 -17"><span class='ocrx_word' id='word_1_239' title='bbox 123 3188 295 3256; x_wconf 77' lang='lat' dir='ltr'><strong>oltuamquc</strong></span> <span class='ocrx_word' id='word_1_240' title='bbox 316 3194 420 3241; x_wconf 81' lang='lat' dir='ltr'><strong>noctem</strong></span> <span class='ocrx_word' id='word_1_241' title='bbox 441 3182 484 3240; x_wconf 87' lang='lat' dir='ltr'><strong>ita</strong></span> <span class='ocrx_word' id='word_1_242' title='bbox 504 3182 668 3254; x_wconf 85' lang='lat' dir='ltr'><strong>intellexit,</strong></span> <span class='ocrx_word' id='word_1_243' title='bbox 702 3189 736 3242; x_wconf 90' lang='lat' dir='ltr'><strong>ut</strong></span> <span class='ocrx_word' id='word_1_244' title='bbox 758 3180 943 3257; x_wconf 83' lang='lat' dir='ltr'><strong>significent:</strong></span> <span class='ocrx_word' id='word_1_245' title='bbox 978 3178 1044 3258; x_wconf 83' lang='lat' dir='ltr'><strong>plue</strong></span> <span class='ocrx_word' id='word_1_246' title='bbox 1072 3199 1162 3259; x_wconf 85' lang='lat' dir='ltr'><strong>quem</strong></span> <span class='ocrx_word' id='word_1_247' title='bbox 1194 3180 1269 3240; x_wconf 83' lang='lat' dir='ltr'><strong>dues</strong></span> 
     </span>
     <span class='ocr_line' id='line_1_28' title="bbox 123 3285 1270 3368; baseline -0.003 -19"><span class='ocrx_word' id='word_1_248' title='bbox 123 3298 245 3368; x_wconf 84' lang='lat' dir='ltr'><strong>noctes,</strong></span> <span class='ocrx_word' id='word_1_249' title='bbox 267 3289 296 3349; x_wconf 91' lang='lat' dir='ltr'><strong>h.</strong></span> <span class='ocrx_word' id='word_1_250' title='bbox 321 3308 350 3352; x_wconf 89' lang='lat' dir='ltr'><strong>e.</strong></span> <span class='ocrx_word' id='word_1_251' title='bbox 374 3295 434 3346; x_wconf 88' lang='lat' dir='ltr'><strong>tres</strong></span> <span class='ocrx_word' id='word_1_252' title='bbox 457 3297 578 3363; x_wconf 86' lang='lat' dir='ltr'><strong>noctes,</strong></span> <span class='ocrx_word' id='word_1_253' title='bbox 617 3297 708 3368; x_wconf 89' lang='lat' dir='ltr'><strong>etque</strong></span> <span class='ocrx_word' id='word_1_254' title='bbox 743 3295 837 3345; x_wconf 87' lang='lat' dir='ltr'><strong>totam</strong></span> <span class='ocrx_word' id='word_1_255' title='bbox 867 3289 1047 3347; x_wconf 86' lang='lat' dir='ltr'><strong>sententiam</strong></span> <span class='ocrx_word' id='word_1_256' title='bbox 1079 3287 1121 3345; x_wconf 91' lang='lat' dir='ltr'><strong>sic</strong></span> <span class='ocrx_word' id='word_1_257' title='bbox 1151 3285 1270 3345; x_wconf 85' lang='lat' dir='ltr'><strong>videtur·</strong></span> 
     </span>
     <span class='ocr_line' id='line_1_29' title="bbox 123 3382 1270 3474; baseline -0.004 -20"><span class='ocrx_word' id='word_1_258' title='bbox 123 3396 292 3474; x_wconf 86' lang='lat' dir='ltr'><strong>accepisse:</strong></span> <span class='ocrx_word' id='word_1_259' title='bbox 324 3395 478 3455; x_wconf 85' lang='lat' dir='ltr'><strong>Neronem</strong></span> <span class='ocrx_word' id='word_1_260' title='bbox 502 3382 677 3474; x_wconf 80' lang='lat' dir='ltr'><strong>Poppaeam</strong></span> <span class='ocrx_word' id='word_1_261' title='bbox 701 3393 781 3473; x_wconf 87' lang='lat' dir='ltr'><strong>apud</strong></span> <span class='ocrx_word' id='word_1_262' title='bbox 805 3411 837 3452; x_wconf 88' lang='lat' dir='ltr'><strong>se</strong></span> <span class='ocrx_word' id='word_1_263' title='bbox 860 3394 990 3453; x_wconf 88' lang='lat' dir='ltr'><strong>retinere</strong></span> <span class='ocrx_word' id='word_1_264' title='bbox 1013 3391 1143 3450; x_wconf 85' lang='lat' dir='ltr'><strong>voluisse</strong></span> <span class='ocrx_word' id='word_1_265' title='bbox 1161 3385 1186 3472; x_wconf 74' lang='lat'><strong>²)</strong></span> <span class='ocrx_word' id='word_1_266' title='bbox 1216 3411 1270 3469; x_wconf 86' lang='lat' dir='ltr'><strong>per</strong></span> 
     </span>
     <span class='ocr_line' id='line_1_30' title="bbox 124 3498 1270 3577; baseline -0.005 -16"><span class='ocrx_word' id='word_1_267' title='bbox 124 3511 187 3561; x_wconf 87' lang='lat' dir='ltr'><strong>tres</strong></span> <span class='ocrx_word' id='word_1_268' title='bbox 210 3507 330 3574; x_wconf 88' lang='lat' dir='ltr'><strong>noctes,</strong></span> <span class='ocrx_word' id='word_1_269' title='bbox 354 3519 391 3558; x_wconf 89' lang='lat' dir='ltr'><strong>ne</strong></span> <span class='ocrx_word' id='word_1_270' title='bbox 414 3503 444 3559; x_wconf 91' lang='lat' dir='ltr'><strong>in</strong></span> <span class='ocrx_word' id='word_1_271' title='bbox 467 3521 587 3560; x_wconf 88' lang='lat' dir='ltr'><strong>manum</strong></span> <span class='ocrx_word' id='word_1_272' title='bbox 617 3499 760 3570; x_wconf 87' lang='lat' dir='ltr'><strong>Othonis,</strong></span> <span class='ocrx_word' id='word_1_273' title='bbox 793 3499 840 3557; x_wconf 93' lang='lat' dir='ltr'><strong>cui</strong></span> <span class='ocrx_word' id='word_1_274' title='bbox 870 3521 922 3556; x_wconf 80' lang='lat' dir='ltr'><strong>usu</strong></span> <span class='ocrx_word' id='word_1_275' title='bbox 951 3508 1111 3577; x_wconf 82' lang='lat' dir='ltr'><strong>nupserat,</strong></span> <span class='ocrx_word' id='word_1_276' title='bbox 1144 3498 1270 3556; x_wconf 85' lang='lat' dir='ltr'><strong>veniret.</strong></span> 
     </span>
     <span class='ocr_line' id='line_1_31' title="bbox 124 3601 1269 3686; baseline -0.007 -18"><span class='ocrx_word' id='word_1_277' title='bbox 124 3603 187 3668; x_wconf 83' lang='lat' dir='ltr'><strong>Sed</strong></span> <span class='ocrx_word' id='word_1_278' title='bbox 209 3607 309 3666; x_wconf 84' lang='lat' dir='ltr'><strong>facere</strong></span> <span class='ocrx_word' id='word_1_279' title='bbox 331 3626 391 3664; x_wconf 90' lang='lat' dir='ltr'><strong>non</strong></span> <span class='ocrx_word' id='word_1_280' title='bbox 418 3625 539 3684; x_wconf 88' lang='lat' dir='ltr'><strong>possum</strong></span> <span class='ocrx_word' id='word_1_281' title='bbox 563 3607 633 3686; x_wconf 90' lang='lat' dir='ltr'><strong>quin</strong></span> <span class='ocrx_word' id='word_1_282' title='bbox 656 3603 817 3665; x_wconf 81' lang='lat' dir='ltr'><strong>admodum</strong></span> <span class='ocrx_word' id='word_1_283' title='bbox 851 3605 926 3662; x_wconf 87' lang='lat' dir='ltr'><strong>mire</strong></span> <span class='ocrx_word' id='word_1_284' title='bbox 953 3603 1024 3662; x_wconf 87' lang='lat' dir='ltr'><strong>milri</strong></span> <span class='ocrx_word' id='word_1_285' title='bbox 1047 3602 1120 3661; x_wconf 86' lang='lat' dir='ltr'><strong>haec</strong></span> <span class='ocrx_word' id='word_1_286' title='bbox 1151 3601 1269 3662; x_wconf 84' lang='lat' dir='ltr'><strong>videan·</strong></span> 
     </span>
    </p>
   </div>
   <div class='ocr_carea' id='block_1_5' title="bbox 128 3749 436 3760">
    <p class='ocr_par' dir='ltr' id='par_1_5' title="bbox 128 3749 436 3760">
     <span class='ocr_line' id='line_1_32' title="bbox 128 3749 436 3760; baseline -0.01 0"><span class='ocrx_word' id='word_1_287' title='bbox 128 3749 436 3760; x_wconf 44' lang='lat' dir='ltr'><strong>m*-</strong></span> 
     </span>
    </p>
   </div>
   <div class='ocr_carea' id='block_1_6' title="bbox 122 3819 1271 4349">
    <p class='ocr_par' dir='ltr' id='par_1_6' title="bbox 122 3819 1270 3982">
     <span class='ocr_line' id='line_1_33' title="bbox 199 3819 1270 3889; baseline -0.002 -17"><span class='ocrx_word' id='word_1_288' title='bbox 199 3820 228 3889; x_wconf 92' lang='lat'><strong>1)</strong></span> <span class='ocrx_word' id='word_1_289' title='bbox 245 3823 302 3872; x_wconf 84' lang='lat' dir='ltr'><strong>Nam</strong></span> <span class='ocrx_word' id='word_1_290' title='bbox 321 3836 417 3886; x_wconf 86' lang='lat' dir='ltr'><strong>prorsus</strong></span> <span class='ocrx_word' id='word_1_291' title='bbox 435 3823 549 3874; x_wconf 85' lang='lat' dir='ltr'><strong>diversum</strong></span> <span class='ocrx_word' id='word_1_292' title='bbox 568 3832 602 3873; x_wconf 85' lang='lat' dir='ltr'><strong>cst</strong></span> <span class='ocrx_word' id='word_1_293' title='bbox 620 3825 682 3888; x_wconf 86' lang='lat' dir='ltr'><strong>qnod</strong></span> <span class='ocrx_word' id='word_1_294' title='bbox 700 3824 795 3886; x_wconf 79' lang='lat' dir='ltr'><strong>legimns</strong></span> <span class='ocrx_word' id='word_1_295' title='bbox 814 3825 875 3876; x_wconf 80' lang='lat' dir='ltr'><strong>Ann.</strong></span> <span class='ocrx_word' id='word_1_296' title='bbox 896 3823 955 3885; x_wconf 88' lang='lat' dir='ltr'><strong>lllll‚</strong></span> <span class='ocrx_word' id='word_1_297' title='bbox 976 3821 1022 3872; x_wconf 82' lang='lat'><strong>³5:</strong></span> <span class='ocrx_word' id='word_1_298' title='bbox 1047 3821 1186 3888; x_wconf 86' lang='lat' dir='ltr'><strong>primum</strong></span> <span class='ocrx_word' id='word_1_299' title='bbox 1211 3819 1270 3871; x_wconf 83' lang='lat' dir='ltr'><strong>alte·</strong></span> 
     </span>
     <span class='ocr_line' id='line_1_34' title="bbox 122 3913 680 3982; baseline 0.004 -16"><span class='ocrx_word' id='word_1_300' title='bbox 122 3931 230 3982; x_wconf 72' lang='lat' dir='ltr'><strong>rumque</strong></span> <span class='ocrx_word' id='word_1_301' title='bbox 247 3913 363 3964; x_wconf 58' lang='lat' dir='ltr'><strong>delicatum</strong></span> <span class='ocrx_word' id='word_1_302' title='bbox 380 3915 456 3964; x_wconf 76' lang='lat' dir='ltr'><strong>acaia</strong></span> <span class='ocrx_word' id='word_1_303' title='bbox 473 3915 680 3982; x_wconf 67' lang='lat' dir='ltr'><strong>prosequebatur.</strong></span> 
     </span>
    </p>

    <p class='ocr_par' dir='ltr' id='par_1_7' title="bbox 124 4002 1271 4349">
     <span class='ocr_line' id='line_1_35' title="bbox 197 4002 1271 4073; baseline -0.007 -16"><span class='ocrx_word' id='word_1_304' title='bbox 197 4005 229 4073; x_wconf 84' lang='lat'><strong>2)</strong></span> <span class='ocrx_word' id='word_1_305' title='bbox 245 4007 279 4056; x_wconf 86' lang='lat' dir='ltr'><strong>lle</strong></span> <span class='ocrx_word' id='word_1_306' title='bbox 297 4007 402 4057; x_wconf 80' lang='lat' dir='ltr'><strong>inflemur</strong></span> <span class='ocrx_word' id='word_1_307' title='bbox 421 4008 489 4058; x_wconf 86' lang='lat' dir='ltr'><strong>verbo</strong></span> <span class='ocrx_word' id='word_1_308' title='bbox 508 4009 673 4070; x_wconf 66' lang='lat' dir='ltr'><strong>arnonem,</strong></span> <span class='ocrx_word' id='word_1_309' title='bbox 692 4021 762 4072; x_wconf 89' lang='lat' dir='ltr'><strong>quum</strong></span> <span class='ocrx_word' id='word_1_310' title='bbox 781 4012 848 4056; x_wconf 82' lang='lat' dir='ltr'><strong>auten</strong></span> <span class='ocrx_word' id='word_1_311' title='bbox 867 4006 953 4056; x_wconf 83' lang='lat' dir='ltr'><strong>dictum</strong></span> <span class='ocrx_word' id='word_1_312' title='bbox 972 4005 1010 4066; x_wconf 87' lang='lat' dir='ltr'><strong>sit,</strong></span> <span class='ocrx_word' id='word_1_313' title='bbox 1028 4003 1144 4053; x_wconf 84' lang='lat' dir='ltr'><strong>Neronem</strong></span> <span class='ocrx_word' id='word_1_314' title='bbox 1163 4002 1192 4052; x_wconf 81' lang='lat' dir='ltr'><strong>cd</strong></span> <span class='ocrx_word' id='word_1_315' title='bbox 1210 4003 1271 4066; x_wconf 82' lang='lat' dir='ltr'><strong>Pop-</strong></span> 
     </span>
     <span class='ocr_line' id='line_1_36' title="bbox 124 4095 1270 4164; baseline -0.003 -16"><span class='ocrx_word' id='word_1_316' title='bbox 124 4113 205 4162; x_wconf 84' lang='lat' dir='ltr'><strong>pacem</strong></span> <span class='ocrx_word' id='word_1_317' title='bbox 223 4099 327 4158; x_wconf 86' lang='lat' dir='ltr'><strong>venisse,</strong></span> <span class='ocrx_word' id='word_1_318' title='bbox 347 4098 469 4148; x_wconf 85' lang='lat' dir='ltr'><strong>Suetonius</strong></span> <span class='ocrx_word' id='word_1_319' title='bbox 487 4100 642 4164; x_wconf 86' lang='lat' dir='ltr'><strong>respiciendus</strong></span> <span class='ocrx_word' id='word_1_320' title='bbox 667 4107 703 4149; x_wconf 89' lang='lat' dir='ltr'><strong>cst</strong></span> <span class='ocrx_word' id='word_1_321' title='bbox 726 4099 791 4162; x_wconf 80' lang='lat' dir='ltr'><strong>(oth.</strong></span> <span class='ocrx_word' id='word_1_322' title='bbox 811 4099 855 4160; x_wconf 82' lang='lat'><strong>3),</strong></span> <span class='ocrx_word' id='word_1_323' title='bbox 881 4113 907 4148; x_wconf 83' lang='lat' dir='ltr'><strong>ex</strong></span> <span class='ocrx_word' id='word_1_324' title='bbox 934 4112 979 4162; x_wconf 88' lang='lat' dir='ltr'><strong>quo</strong></span> <span class='ocrx_word' id='word_1_325' title='bbox 1007 4095 1126 4156; x_wconf 84' lang='lat' dir='ltr'><strong>ridemus,</strong></span> <span class='ocrx_word' id='word_1_326' title='bbox 1156 4095 1270 4146; x_wconf 87' lang='lat' dir='ltr'><strong>Othonem</strong></span> 
     </span>
     <span class='ocr_line' id='line_1_37' title="bbox 125 4187 1271 4257; baseline -0.003 -17"><span class='ocrx_word' id='word_1_327' title='bbox 125 4206 191 4254; x_wconf 77' lang='lat' dir='ltr'><strong>aegre</strong></span> <span class='ocrx_word' id='word_1_328' title='bbox 208 4190 297 4251; x_wconf 85' lang='lat' dir='ltr'><strong>tulisse,</strong></span> <span class='ocrx_word' id='word_1_329' title='bbox 316 4191 336 4240; x_wconf 80' lang='lat' dir='ltr'><strong>si</strong></span> <span class='ocrx_word' id='word_1_330' title='bbox 354 4191 418 4241; x_wconf 87' lang='lat' dir='ltr'><strong>missi</strong></span> <span class='ocrx_word' id='word_1_331' title='bbox 436 4200 529 4256; x_wconf 82' lang='lat' dir='ltr'><strong>essent,</strong></span> <span class='ocrx_word' id='word_1_332' title='bbox 547 4193 587 4257; x_wconf 87' lang='lat' dir='ltr'><strong>qni</strong></span> <span class='ocrx_word' id='word_1_333' title='bbox 606 4193 734 4256; x_wconf 82' lang='lat' dir='ltr'><strong>Poppaeam</strong></span> <span class='ocrx_word' id='word_1_334' title='bbox 753 4192 782 4244; x_wconf 84' lang='lat' dir='ltr'><strong>ad</strong></span> <span class='ocrx_word' id='word_1_335' title='bbox 800 4193 913 4242; x_wconf 88' lang='lat' dir='ltr'><strong>Neronem</strong></span> <span class='ocrx_word' id='word_1_336' title='bbox 932 4191 1050 4242; x_wconf 84' lang='lat' dir='ltr'><strong>ducerent.</strong></span> <span class='ocrx_word' id='word_1_337' title='bbox 1067 4189 1140 4252; x_wconf 82' lang='lat' dir='ltr'><strong>Saepe</strong></span> <span class='ocrx_word' id='word_1_338' title='bbox 1160 4187 1186 4238; x_wconf 82' lang='grc' dir='ltr'><strong>Τ.</strong></span> <span class='ocrx_word' id='word_1_339' title='bbox 1203 4189 1271 4239; x_wconf 81' lang='lat' dir='ltr'><strong>verbo</strong></span> 
     </span>
     <span class='ocr_line' id='line_1_38' title="bbox 124 4266 1271 4349; baseline -0.004 -13"><span class='ocrx_word' id='word_1_340' title='bbox 124 4285 232 4336; x_wconf 74' lang='lat' dir='ltr'><strong>arum</strong></span> <span class='ocrx_word' id='word_1_341' title='bbox 249 4311 284 4324; x_wconf 83' lang='lat'><strong>-··</strong></span> <span class='ocrx_word' id='word_1_342' title='bbox 304 4266 438 4348; x_wconf 76' lang='lat' dir='ltr'><strong>ceteroquin</strong></span> <span class='ocrx_word' id='word_1_343' title='bbox 456 4300 510 4336; x_wconf 82' lang='lat' dir='ltr'><strong>raro</strong></span> <span class='ocrx_word' id='word_1_344' title='bbox 529 4313 563 4324; x_wconf 89' lang='grc'><strong>-</strong></span> <span class='ocrx_word' id='word_1_345' title='bbox 580 4287 652 4336; x_wconf 83' lang='lat' dir='ltr'><strong>utitur</strong></span> <span class='ocrx_word' id='word_1_346' title='bbox 670 4300 712 4349; x_wconf 87' lang='lat' dir='ltr'><strong>pro</strong></span> <span class='ocrx_word' id='word_1_347' title='bbox 730 4285 854 4346; x_wconf 81' lang='lat' dir='ltr'><strong>retinere,</strong></span> <span class='ocrx_word' id='word_1_348' title='bbox 872 4285 901 4334; x_wconf 87' lang='lat' dir='ltr'><strong>cl.</strong></span> <span class='ocrx_word' id='word_1_349' title='bbox 920 4285 979 4334; x_wconf 77' lang='lat' dir='ltr'><strong>dnn.</strong></span> <span class='ocrx_word' id='word_1_350' title='bbox 997 4284 1016 4345; x_wconf 89' lang='lat' dir='ltr'><strong>l,</strong></span> <span class='ocrx_word' id='word_1_351' title='bbox 1036 4281 1084 4332; x_wconf 80' lang='lat'><strong>35:</strong></span> <span class='ocrx_word' id='word_1_352' title='bbox 1109 4283 1208 4346; x_wconf 73' lang='lat' dir='ltr'><strong>samum</strong></span> <span class='ocrx_word' id='word_1_353' title='bbox 1231 4281 1271 4332; x_wconf 77' lang='lat' dir='ltr'><strong>de·</strong></span> 
     </span>
    </p>
   </div>
   <div class='ocr_carea' id='block_1_7' title="bbox 122 4367 1270 4520">
    <p class='ocr_par' dir='ltr' id='par_1_8' title="bbox 122 4367 1270 4520">
     <span class='ocr_line' id='line_1_39' title="bbox 122 4367 1270 4448; baseline -0.005 -20"><span class='ocrx_word' id='word_1_354' title='bbox 122 4379 224 4442; x_wconf 70' lang='lat' dir='ltr'><strong>[meiat</strong></span> <span class='ocrx_word' id='word_1_355' title='bbox 241 4378 270 4428; x_wconf 83' lang='lat' dir='ltr'><strong>iu</strong></span> <span class='ocrx_word' id='word_1_356' title='bbox 285 4387 374 4446; x_wconf 77' lang='lat' dir='ltr'><strong>pectus</strong></span> <span class='ocrx_word' id='word_1_357' title='bbox 392 4379 421 4429; x_wconf 86' lang='lat' dir='ltr'><strong>ui</strong></span> <span class='ocrx_word' id='word_1_358' title='bbox 436 4382 552 4446; x_wconf 67' lang='lat' dir='ltr'><strong>precisa</strong></span> <span class='ocrx_word' id='word_1_359' title='bbox 569 4396 690 4448; x_wconf 77' lang='lat' dir='ltr'><strong>prensam</strong></span> <span class='ocrx_word' id='word_1_360' title='bbox 710 4367 826 4430; x_wconf 76' lang='lat' dir='ltr'><strong>deutrum</strong></span> <span class='ocrx_word' id='word_1_361' title='bbox 844 4379 868 4430; x_wconf 85' lang='lat' dir='ltr'><strong>ei</strong></span> <span class='ocrx_word' id='word_1_362' title='bbox 887 4378 1069 4438; x_wconf 80' lang='lat' dir='ltr'><strong>adtinuisaeat,</strong></span> <span class='ocrx_word' id='word_1_363' title='bbox 1092 4383 1114 4427; x_wconf 87' lang='lat' dir='ltr'><strong>cl</strong></span> <span class='ocrx_word' id='word_1_364' title='bbox 1133 4373 1270 4427; x_wconf 84' lang='lat' dir='ltr'><strong>Boctticlreri</strong></span> 
     </span>
     <span class='ocr_line' id='line_1_40' title="bbox 125 4468 389 4520; baseline 0 -3"><span class='ocrx_word' id='word_1_365' title='bbox 125 4468 168 4518; x_wconf 81' lang='lat' dir='ltr'><strong>lex.</strong></span> <span class='ocrx_word' id='word_1_366' title='bbox 187 4470 257 4520; x_wconf 74' lang='lat' dir='ltr'><strong>Tacit.</strong></span> <span class='ocrx_word' id='word_1_367' title='bbox 277 4485 296 4518; x_wconf 89' lang='lat' dir='ltr'><strong>s.</strong></span> <span class='ocrx_word' id='word_1_368' title='bbox 315 4485 336 4518; x_wconf 82' lang='lat' dir='ltr'><strong>v.</strong></span> <span class='ocrx_word' id='word_1_369' title='bbox 355 4497 389 4506; x_wconf 86' lang='lat'>-</span> 
     </span>
    </p>
   </div>
   <div class='ocr_carea' id='block_1_8' title="bbox 940 4585 986 4648">
    <p class='ocr_par' dir='ltr' id='par_1_9' title="bbox 940 4585 986 4648">
     <span class='ocr_line' id='line_1_41' title="bbox 940 4585 986 4648; baseline 0 -25"><span class='ocrx_word' id='word_1_370' title='bbox 940 4585 986 4648; x_wconf 73' lang='grc'><strong>3*</strong></span> 
     </span>
    </p>
   </div>
   <div class='ocr_carea' id='block_1_9' title="bbox 0 0 1613 5270">
    <p class='ocr_par' dir='ltr' id='par_1_10' title="bbox 0 0 1613 5270">
     <span class='ocr_line' id='line_1_42' title="bbox 0 0 1613 5270; baseline 0 0"><span class='ocrx_word' id='word_1_371' title='bbox 0 0 1613 5270; x_wconf 95' lang='lat' dir='ltr'><strong> </strong></span> 
     </span>
    </p>
   </div>
  </div>
 </body>
</html>
