3196 5270
653 342 691 404 51

98 537 196 599 neque
222 518 259 578 ad
281 520 442 599 quicquam
467 525 548 577 certo
575 515 767 577 indicandum
794 515 963 589 sufficiens,
992 533 1050 574 non
1081 513 1243 575 dolendum

98 633 195 697 esset,
219 626 244 683 si
267 645 286 684 a
308 623 509 701 grammaticis
531 621 666 683 tunditur
687 623 873 700 rejiceretur.
928 619 1009 698 Quid
1032 621 1110 680 enim
1133 621 1242 694 obstat,

98 732 168 808 quin
192 731 362 809 ubicunque
385 730 444 790 dno
467 715 614 789 uocabula
634 729 778 788 interiore
800 727 933 808 quodam
962 745 1042 786 nexu
1071 725 1242 799 cohaerent,

97 836 198 894 statim
223 836 305 896 laeto
325 838 426 918 animo
450 835 526 895 hanc
547 835 674 910 ligurem
704 833 931 913 deprehendere
960 833 1047 892 nobis
1075 831 1241 902 videamur,

97 961 197 1020 neque
221 943 357 1020 proprias
379 941 593 1001 vocabulorum
617 941 754 1000 notiones
777 939 902 999 multum
925 937 1088 999 curemus?
1132 939 1176 998 At
1194 947 1241 998 est

96 1047 186 1106 facile
213 1047 285 1126 qnid
316 1048 347 1106 in
379 1047 435 1106 hac
468 1043 685 1125 interpretandi
717 1043 849 1116 ratione,
887 1061 942 1102 nec
974 1062 1043 1102 raro
1076 1041 1242 1102 dissecatur

96 1151 194 1212 nodus
217 1153 318 1212 taedio
340 1151 518 1212 extricandi.
542 1184 582 1196 —

184 1260 246 1320 Sed
270 1279 450 1339 quamquam
470 1259 521 1340 'hic
543 1278 608 1318 mos
631 1257 749 1318 dicendi
773 1266 895 1319 exomns
917 1267 964 1318 est
986 1278 1024 1319 ex
1037 1279 1092 1320 usn
1108 1259 1239 1339 quodam

95 1365 208 1446 ubique
230 1365 491 1446 frequentissimo,
515 1375 615 1426 tamen
639 1366 735 1443 magis
764 1365 922 1446 magisque
950 1368 992 1426 ita
1017 1367 1154 1428 excultus
1183 1377 1239 1448 est,

95 1481 128 1530 ut
145 1474 211 1549 jam
235 1473 380 1548 originem
403 1490 439 1531 ac
461 1473 523 1532 vim
544 1473 610 1550 ejus
632 1491 781 1550 cognosse
803 1492 864 1532 non
886 1472 1019 1532 contenti
1043 1471 1155 1545 simus,
1184 1473 1238 1532 sed

95 1596 155 1656 qno
178 1576 285 1637 abierit
306 1579 475 1638 accuratius
496 1576 673 1655 indagemus
697 1586 845 1657 oporteat.
897 1580 1000 1659 Atque
1029 1578 1086 1639 hac
1114 1581 1182 1660 ipsa
1208 1582 1238 1640 in

94 1702 129 1742 re
150 1685 323 1762 proprietas
345 1685 407 1743 stili
428 1683 559 1744 Tacitini
581 1686 713 1744 cernitur
734 1693 806 1746 ante
828 1687 929 1745 omnia
950 1687 1170 1770 memorabilis,
1206 1696 1239 1747 ut

91 1791 155 1865 jam
179 1790 293 1850 monui.
338 1789 404 1848 Nec
425 1789 537 1867 injuria
559 1788 616 1849 huc
637 1791 819 1869 pertinentia
840 1791 954 1852 faciunt
985 1812 1063 1872 quae
1093 1792 1166 1854 dicit
1188 1793 1238 1856 Oi·
1318 1771 1327 1788 ’

95 1913 163 1956 cero
196 1895 234 1956 de
265 1895 481 1956 translatione:
512 1896 649 1956 instituta
682 1906 728 1957 est
760 1899 882 1978 inopiae
913 1917 1020 1958 caussa
1047 1897 1239 1978 frequentata

96 2001 314 2064 delectationis.
366 2003 445 2062 Nam
468 2011 501 2060 ut
523 2002 553 2060 in
576 2003 748 2063 universnm
771 2003 819 2063 lric
840 2023 912 2064 nens
935 2004 1006 2064 olim
1028 2011 1149 2064 coortus
1172 2023 1239 2066 esse

96 2099 167 2166 inda·
189 2106 342 2185 putandus
364 2117 430 2179 est,
453 2106 535 2186 quod
561 2107 697 2169 homines
725 2093 936 2172 immobilitate
966 2109 1096 2189 quadam
1127 2111 1240 2186 ingenii

91 2210 207 2288 justam
231 2214 397 2292 rationem,
421 2232 499 2292 qnae
521 2214 722 2276 intercederet
744 2217 821 2278 inter
849 2216 924 2278 duas
956 2219 1092 2276 notiones
1123 2219 1238 2296 perspi·

95 2337 163 2378 cere
194 2327 226 2380 ot
253 2321 427 2400 exprimere·
451 2321 531 2399 potis
563 2339 622 2380 non
656 2322 794 2398 fuerunt,
827 2324 870 2383 ita
902 2324 1070 2402 posteriore
1101 2332 1239 2403 ternpore

96 2423 256 2501 scriptores
283 2425 383 2486 studio
413 2428 538 2507 antiqua
568 2435 598 2487 et
625 2429 724 2507 prisce
748 2428 896 2514 imitandi
909 2430 1039 2508 correpti
1070 2431 1113 2490 sic
1146 2430 1239 2490 locuti

96 2536 174 2587 sunt.
220 2528 348 2590 Accedit
371 2552 458 2612 vero,
481 2533 562 2614 quod
584 2535 792 2614 perspicuitati
820 2535 973 2594 orationis
995 2541 1086 2614 atque
1117 2535 1237 2596 claritu-

97 2634 159 2694 dini
187 2635 359 2699 handraro
389 2641 480 2701 valde
511 2642 636 2702 inservit
667 2641 741 2701 haec
770 2641 889 2701 dicendi
915 2639 1115 2716 consuetudo,
1138 2634 1237 2722 'quum

95 2742 137 2799 sic
158 2749 287 2823 utraque
308 2747 392 2808 notio
413 2750 479 2827 pari
502 2749 532 2808 vi
562 2748 601 2808 ad
628 2748 760 2808 animum
789 2747 855 2825 ejus
885 2748 936 2828 qui
964 2747 1038 2826 legit
1068 2746 1239 2813 adducitur.

94 2848 216 2908 Etenim
246 2853 336 2912 etiam
367 2863 458 2935 atque
487 2857 577 2917 etiarn
615 2854 772 2916 dicendum
804 2861 868 2935 est,
903 2855 978 2917 duas
1009 2856 1146 2916 notiones
1177 2876 1238 2918 non

92 2957 210 3034 positas
232 2977 300 3019 esse
321 2983 374 3035 pro
396 2983 470 3034 una,
493 2983 597 3024 verum
621 2963 677 3023 hec
704 2964 803 3044 ipsum
829 2965 927 3023 vitare
953 2964 1086 3024 voluisse
1107 2960 1236 3044 'scripto-

93 3065 216 3124 remeo
238 3068 319 3145 quod
343 3069 418 3130 duas
441 3078 577 3150 poneret.
612 3070 656 3152 ,Iu
681 3077 797 3131 tentum
819 3071 930 3152 ubique
959 3073 1116 3152 interpreti
1146 3091 1238 3150 agen·

94 3167 163 3227 dum
188 3179 250 3244 est,
273 3181 306 3231 ut
322 3174 495 3234 interiorem
513 3193 623 3235 nexum
640 3175 766 3236 duarum
782 3174 901 3236 illarum
918 3177 1071 3237 nodorum
1087 3177 1239 3238 ostendat.

182 3273 268 3349 Quae
303 3277 394 3355 igitur
428 3279 467 3339 ad
503 3279 691 3358 probandam
724 3279 802 3338 hanc
834 3278 953 3340 dicendi
991 3281 1237 3344 consuetudinem

94 3399 188 3459 snpra
222 3383 315 3443 allatu
345 3386 404 3445 sint
433 3388 590 3467 exemplu,
620 3407 658 3448 ea
684 3386 723 3446 ad
751 3406 816 3448 rem
844 3389 964 3468 penitus
995 3388 1237 3466 cognoscendam

92 3486 226 3547 nondum
250 3490 393 3566 sufficere,
416 3495 565 3554 neminem
588 3492 774 3573 praeteribit.
817 3493 896 3554 Nam
916 3495 942 3554 si
958 3494 1015 3555 hac
1027 3475 1238 3574 disputatione

91 3591 131 3650 ad
154 3593 295 3656 Tacitum
317 3598 427 3658 elarius
450 3599 674 3680 expediendum
695 3598 809 3679 aliquid
831 3599 968 3661 conferre
990 3600 1138 3677 volumus,
1162 3622 1237 3682 opus

92 3709 139 3758 est
164 3708 197 3759 ut
218 3704 351 3785 reliquos
374 3706 456 3768 locos
479 3727 582 3768 omnes
612 3709 663 3788 qui
695 3707 754 3768 huc
783 3710 935 3787 pertinent
955 3716 987 3768 et
1012 3729 1032 3769 a
1052 3710 1171 3788 vulgari
1193 3711 1238 3771 di-

92 3803 182 3863 cendi
204 3825 261 3866 usn
282 3809 444 3885 recedunt,
477 3830 692 3890 congeramus,
728 3810 800 3891 qnid
823 3811 862 3872 de
883 3813 920 3871 iis
938 3811 1107 3890 judicatum
1130 3815 1170 3874 sit
1190 3833 1237 3876 re·

90 3929 286 3988 censeamus,
308 3916 387 3976 falsa
408 3917 597 3992 refellamus,
622 3918 653 3978 id
676 3918 759 3999 qued
781 3919 866 3980 nobis
889 3918 1010 3980 videtur
1024 3940 1236 4000 proponamus.

91 4017 255 4092 Quaeritur
263 4035 332 4084 ante
351 4027 461 4100 omnia,
478 4026 629 4107 quomodo
653 4023 840 4088 instituenda
863 4027 901 4086 sit
927 4026 1000 4088 haec
1015 4032 1236 4106 commentatio,

179 4139 281 4215 Atque
295 4135 424 4212 primunr
439 4134 702 4194 commemoranda
720 4143 767 4194 est
781 4133 938 4195 difficultas
952 4135 1110 4218 quaedam,
1122 4139 1236 4218 quippe
1294 4143 1300 4151 '

90 4265 170 4326 quae
194 4246 224 4302 in
247 4262 283 4302 eo
305 4243 409 4320 posita
428 4243 484 4315 sit,
515 4241 596 4322 quod
616 4262 799 4323 unoquoque
823 4243 890 4302 loco
913 4251 1034 4322 oportet
1053 4253 1236 4324 reputemus,

90 4353 234 4434 quaesit
257 4351 339 4410 notio
362 4349 520 4412 inhaerens
542 4360 573 4409 et
595 4371 674 4430 quae
705 4346 892 4426 generalior,
926 4351 975 4410 vel
1004 4359 1038 4411 ut
1067 4372 1106 4411 ex
1134 4361 1237 4413 nostra

88 4459 243 4536 cogitandi
267 4457 339 4515 talia
361 4466 392 4516 et
415 4459 601 4537 concipiendi
625 4460 741 4518 ratione
764 4459 879 4540 dicam,
908 4479 985 4539 quae
1008 4461 1048 4520 sit
1069 4464 1153 4522 notio
1176 4463 1235 4540 pri·
1287 4545 1294 4555 ¹

912 4673 958 4734 4*
