3196 5270
907 328 973 392 ‘so
1061 287 1064 294 ⁴

380 505 489 576 poeitae
510 507 551 561 od
572 505 738 565 moenitum
767 505 940 579 eopoetoqoe
969 506 1071 562 iudicii
1099 499 1244 586 ordioe1).
1294 502 1363 579 XV,
1381 505 1446 564 ¹12:
1475 507 1519 562 ille

384 612 524 668 interritus
547 621 571 668 et
588 622 674 686 pce-te
698 615 841 686 copiarum
871 617 955 687 opud.
991 614 1106 672 &moon
1133 615 1238 670 relicto.
1282 611 1363 671 Hist.
1384 611 1439 684 IV,
1464 611 1519 670 16:

384 719 491 774 euecta
512 739 544 776 ee
566 722 675 778 diuerso
697 722 770 777 acies
790 723 868 776 hauet
888 723 986 792 promel
1008 740 1027 776 a
1041 723 1159 806 ¹flumine
1179 723 1287 780 =theuo
1310 732 1335 778 et
1356 721 1472 779 oseem
1491 721 1518 774 io

384 826 485 882 testem
506 829 628 884 uectem
676 821 779 883 Simile
801 831 846 884 est
869 823 948 883 Anu.
967 825 1060 902 XIII,
1084 829 1142 886 19:
1165 829 1268 902 Silone
1289 861 1330 874 -
1352 827 1521 900 Apmpptuoe

385 921 436 987 diu
452 951 591 1006 perouoo,
612 944 674 992 mon
696 935 808 992 occultis
834 935 905 991 iuteo
937 953 984 992 eos
1021 938 1218 1011 offensionibus.
1276 931 1357 990 Dein
1379 927 1521 1020 sententia

385 1036 512 1096 relativa
534 1038 564 1097 in
586 1037 665 1099 hunc
686 1038 807 1099 modum
830 1039 1012 1118 adjungitur.
1056 1041 1136 1102 Hist.
1158 1040 1204 1122 11,
1228 1036 1284 1099 25:
1316 1046 1456 1094 cunctator
1474 1053 1520 1090 oo-

384 1153 450 1200 turo
471 1153 496 1202 et
517 1147 564 1201 cni
595 1155 678 1204 cuuto
702 1151 797 1221 potins
829 1151 946 1207 consultu
979 1170 1039 1208 oum
1071 1151 1192 1224 cottone,
1225 1165 1308 1221 quum
1329 1161 1473 1218 ¹prospero
1493 1159 1521 1198 eo
1565 1135 1568 1146 '

386 1269 453 1307 coeo
469 1253 630 1324 placerem,-
666 1253 836 1330 germanice
869 1251 995 1314 reddas:
1032 1252 1095 1312 und
1129 1272 1207 1313 zuar
1242 1253 1290 1312 sin
1314 1249 1431 1311 solcher
1457 1246 1520 1306 dass

385 1354 446 1413 ihm
469 1364 525 1418 cet.
536 1404 544 1438 ,
565 1357 646 1418 unde
670 1361 838 1439 explicatur
858 1362 1072 1440 conjunctivus.
1116 1360 1222 1421 Potest
1242 1365 1343 1419 autem
1358 1356 1419 1415 tale
1435 1372 1520 1414 enun-

386 1463 491 1522 tiatum
512 1465 670 1524 relativum
692 1469 776 1528 vario
799 1468 887 1528 modo
909 1469 1067 1548 usurpari3
1089 1467 1170 1532 Hist.
1194 1467 1220 1542 I,
1244 1467 1303 1525 10:
1332 1475 1358 1524 et
1384 1463 1430 1521 cue'
1449 1477 1520 1534 eupo-

385 1575 472 1630 rtittoa
487 1576 581 1646 foeno
601 1579 715 1634 uedeo
734 1578 879 1650 imperium
894 1596 977 1652 quom
991 1578 1112 1637 obtinere
1133 1573 1373 1636 consecutionem
1392 1565 1520 1640 exhibet3

386 1676 467 1735 Hist.
489 1676 542 1749 III,
567 1679 607 1754 93
636 1687 661 1736 et
682 1683 731 1754 qui
750 1683 825 1739 aolus
846 1686 887 1740 act
914 1685 947 1741 id
975 1688 1074 1744 bellum
1097 1688 1183 1742 bonas
1212 1693 1286 1741 cotes
1316 1683 1450 1739 atulueet
1471 1673 1520 1733 nli-

386 1783 456 1863 quid
480 1785 602 1862 insuper
625 1784 729 1861 addit3
752 1785 833 1847 Anu.
855 1786 898 1860 ΙΙ,
923 1789 984 1849 88:
1018 1803 1044 1850 et
1076 1793 1128 1864 ooo*
1155 1809 1210 1849 nou
1236 1791 1398 1864 primordio
1427 1783 1522 1859 populi

386 1893 523 1966 Romani,
546 1896 596 1949 sed
610 1897 835 1967 florentissimam
856 1899 1002 1971 imperinm
1023 1901 1181 1972 lacessierit,
1206 1896 1393 1957 enuntiatum
1417 1887 1520 1967 simpli·

387 1997 460 2057 citer
482 1996 657 2076 adJungitur
671 1995 706 2080 ²).

472 2105 580 2184 Neque
602 2106 720 2166 silentio
743 2107 1041 2186 praetermittendum
1064 2117 1124 2188 est,
1147 2125 1365 2189 saepenumero
1382 2101 1420 2162 ad
1436 2099 1520 2160 breve

388 2213 575 2274 enuntiatum
608 2215 773 2291 longiorem
801 2215 981 2275 sententiam
1010 2234 1066 2295 per
1096 2214 1278 2295 epexegesin
1300 2210 1461 2288 accedere,
1492 2200 1520 2262 id

388 2319 469 2400 quod
485 2320 524 2380 ad
538 2320 718 2381 rhetoricum
734 2321 832 2379 Taciti
846 2321 876 2381 iu
891 2318 1105 2399 componendis
1120 2317 1274 2378 sententiis
1288 2329 1384 2380 artem
1399 2319 1518 2396 spectat·

386 2428 465 2487 Hist.
486 2427 524 2501 11,
549 2429 608 2488 23:
631 2449 712 2503 aspre
732 2432 877 2488 comotione
898 2431 1029 2502 lepiouun
1050 2437 1075 2486 et
1093 2429 1241 2501 pupuuode’
1259 2431 1363 2488 ordeo
1382 2442 1466 2499 mque
1486 2421 1521 2476 td

387 2538 546 2597 restionem
562 2557 757 2611 propresrom,
779 2534 808 2596 h.
832 2554 858 2594 e.
881 2555 988 2615 parum
1010 2532 1114 2593 aberat
1145 2533 1217 2612 quin
1245 2533 1353 2596 seditio
1389 2527 1520 2592 exardcs·
1580 2603 1586 2622 ι

389 2651 490 2715 cerat,
524 2642 572 2700 cui
599 2641 730 2720 providit
758 2639 864 2702 Gallus
892 2660 927 2701 eo
960 2639 1043 2722 quod
1072 2639 1219 2716 legionem
1244 2639 1382 2700 Bedriaci
1410 2632 1521 2696 locavit.

388 2749 446 2808 95:
468 2752 574 2822 iouente·
589 2761 698 2823 paratu
719 2761 744 2808 et
766 2761 830 2809 oute
849 2754 929 2809 illum
951 2753 1024 2808 diem
1044 2751 1161 2808 insolito.
1205 2746 1266 2821 Ill,
1290 2748 1349 2810 50:
1383 2748 1521 2807 Siluamtm

386 2861 527 2915 socordem
548 2859 618 2915 bello
638 2867 664 2915 et
685 2861 858 2916 dioscorum
878 2861 966 2918 uerbis
986 2867 1120 2916 terentem
1142 2886 1186 2900 --
1561 2852 1565 2861 ’

475 2961 548 3048 Jam
570 2963 669 3042 parati
697 2963 782 3024 nobis
806 2983 873 3025 esee
895 2963 1045 3037 videmur,
1082 2969 1115 3022 ut
1143 2959 1287 3043 quosdam
1316 2960 1399 3020 locos
1426 2954 1520 3016 admo·

389 3068 459 3129 (lum
482 3069 615 3129 difficiles
638 3071 677 3130 ad
699 3051 926 3147 intelligendum
949 3079 1030 3130 recte
1052 3079 1223 3130 tractemus.

474 3174 555 3235 Anu.
578 3176 633 3250 lv,
657 3179 693 3237 3:
715 3188 830 3236 caecum
855 3182 942 3252 plenu
973 3182 1123 3237 Coeoormo
1160 3183 1270 3250 mmor,
1297 3175 1411 3248 jumenia
1440 3169 1522 3244 fiune,

389 3294 499 3358 nepotes
520 3287 617 3342 adulti
633 3305 741 3342 moram
763 3288 862 3360 coepitis
884 3290 1064 3360 adserebant,
1096 3297 1128 3344 et
1149 3288 1237 3360 quio
1257 3285 1288 3338 oi
1306 3293 1346 3341 tot
1366 3281 1449 3348 amul
1469 3293 1522 3332 σῦν·

388 3394 479 3468 repere
499 3395 631 3467 intutum,
653 3395 734 3450 dolus
754 3394 904 3450 interuallo
923 3399 1054 3454 coelumne
1075 3398 1212 3469 poscebat.
1257 3388 1460 3469 Nipperdejus
1477 3382 1521 3458 ju·

389 3496 484 3572 dicat,
507 3499 686 3559 senteutiam
708 3503 790 3559 dolus
812 3503 961 3559 interuallo
981 3505 1112 3563 sceler-eoo
1128 3504 1278 3576 poscebat,
1301 3499 1326 3556 si
1350 3509 1376 3557 et
1397 3497 1464 3570 quio
1485 3489 1522 3546 le-

387 3613 495 3682 gatur,
525 3606 670 3684 apoduein
692 3605 821 3667 formare
844 3607 884 3666 ad
904 3608 1054 3686 protasio:
1086 3610 1154 3682 quio
1179 3610 1210 3665 oi
1229 3616 1267 3664 tot
1287 3609 1370 3665 mmet
1391 3601 1524 3674 coemittit

386 3713 520 3786 intutum
541 3713 624 3792 atqui
647 3731 720 3792 opus
744 3731 810 3773 esse
833 3723 866 3773 ut
888 3723 1015 3795 utraque
1038 3715 1187 3774 sententia
1216 3731 1335 3772 caussas
1369 3709 1521 3772 verborum

384 3839 491 3877 morum
513 3822 613 3894 coepitis
635 3823 801 3892 adserebant
819 3821 966 3882 exhibere
995 3821 1188 3898 intelligatur.
1240 3821 1324 3899 Ergo
1360 3815 1471 3880 delevit
1491 3818 1522 3878 el,

385 3923 466 4002 quod
497 3933 604 4004 postea
634 3925 723 3984 etium
755 3925 877 3986 Baitero
909 3927 1005 3987 visum
1038 3935 1091 3990 est.
1148 3925 1210 3989 sed
1231 3929 1396 3989 rectissime
1428 3920 1521 3982 hahet.

384 4031 477 4090 Haud
501 4032 590 4093 dubie
613 4031 735 4113 quidem
759 4034 850 4095 verba
873 4039 999 4110 ψω-
1022 4041 1153 4110 poscebat
1185 4055 1321 4116 eaquae
1343 4027 1522 4115 praeoedutlt

459 4229 758 4294 moturemoture
777 4235 886 4302 porticula
905 4253 950 4304 que
973 4235 1027 4287 nihil
1056 4237 1132 4298 hahet,
1159 4249 1228 4300 quare
1254 4232 1387 4298 praecipere
1403 4240 1472 4295 posse
1491 4219 1524 4271 1⁰·

385 4335 436 4371 oum
462 4323 578 4385 putabam.

455 4413 482 4482 ²)
501 4415 567 4467 Plura
585 4417 625 4468 dat
643 4417 768 4483 Heraeus,
789 4421 853 4473 stud.
872 4421 921 4472 erit.
943 4436 993 4486 pag.
1013 4419 1055 4482 63,
1077 4419 1115 4484 qui
1138 4427 1160 4470 et
1184 4433 1210 4469 ex
1235 4417 1343 4469 Cicerone
1373 4413 1432 4468 Livio
1456 4403 1524 4460 Plinio

385 4506 496 4557 Suetonio
515 4509 617 4574 exemplo
635 4511 730 4576 collegit.
