3196 5270
877 293 917 352 38

325 475 424 521 nuerot
444 468 517 521 inter
537 475 642 522 semota
664 467 783 522 conuiuii
807 467 941 538 teretur,
965 468 1162 538 tmroronitque
1192 469 1347 524 Asiaticum
1370 469 1473 524 anulis.

323 571 377 642 IV,
401 571 458 628 47:
490 592 593 644 mupnu
622 576 785 629 documenta
814 574 952 629 instabilia
985 577 1132 645 fortunae,
1163 593 1323 645 summaque
1356 584 1382 630 et
1412 576 1472 630 ima

324 681 466 736 miscentis.
525 678 605 736 Anu.
633 678 658 750 I,
683 679 741 736 43:
777 683 871 736 cluent
901 683 973 736 tane
1004 684 1143 738 maculam
1171 683 1285 754 irasque
1313 684 1407 738 ciuiles
1440 685 1472 738 in

326 789 437 844 ecitimr
458 789 579 844 tutibus
600 795 721 858 oenant-
743 785 782 844 ad
805 786 901 844 locum
932 787 1053 864 penitus
1083 786 1309 863 intelligendum
1334 787 1471 848 confera-

325 900 373 950 tur
395 899 515 970 oportet
537 911 602 970 cap.
625 893 687 950 49:
709 896 851 965 piaculum
870 897 984 963 framis
1029 892 1071 968 11,
1096 895 1152 951 14:
1175 915 1229 953 nee
1248 899 1345 952 eaden
1366 900 1471 954 laetam

326 1002 491 1058 Germamm
513 1003 629 1071 quietem
649 1003 726 1074 tulit,
749 1004 873 1072 uiditque
893 1021 922 1057 se
943 1011 1086 1072 operatum
1108 1007 1163 1058 cet.
1216 1000 1297 1072 XII,
1323 1003 1378 1060 14:
1412 1023 1472 1061 rem

324 1109 355 1161 iu
376 1126 471 1163 casum
500 1111 571 1163 dare
598 1109 760 1179 proelioque
792 1109 913 1179 experiri
939 1110 1043 1164 uetuit.
1089 1104 1136 1165 cf.
1158 1111 1236 1165 Ann.
1259 1107 1317 1179 XI,
1341 1109 1378 1168 9:
1408 1130 1471 1168 con-

324 1216 463 1285 pressipue
479 1217 574 1285 primo
595 1225 761 1271 cunctanter.
809 1213 887 1270 Anu.
911 1212 986 1291 XII,
1013 1211 1062 1270 15.
1084 1211 1172 1283 XIV,
1190 1213 1229 1272 51
1254 1213 1318 1272 init.
1343 1247 1379 1258 -
1408 1212 1471 1272 Sed

326 1317 486 1395 explicatio
519 1337 743 1398 nonnumquam
771 1319 814 1377 ita
845 1319 940 1397 accipi
975 1325 1091 1398 potest,
1120 1327 1153 1376 ut
1183 1337 1318 1377 caussam
1352 1321 1472 1379 afferat.

325 1423 406 1482 Hiar.
428 1424 484 1496 IV,
508 1425 566 1484 58:
588 1447 654 1483 nam
672 1429 742 1484 miti
761 1429 872 1483 mitium
888 1427 996 1498 parari
1016 1429 1101 1482 libens
1129 1429 1231 1499 audio,
1253 1438 1419 1500 mmanqae
1440 1432 1472 1485 sira

326 1543 365 1590 tot
386 1537 470 1590 malis
501 1543 531 1590 ut
557 1540 645 1604 finem
675 1537 851 1590 miseriarum
881 1543 1010 1606 suspecto.
1067 1531 1169 1611 Atque
1200 1532 1390 1606 dignissimus
1419 1536 1471 1614 qui

328 1649 576 1698 commemoretur
599 1650 645 1698 est
667 1641 749 1698 locus
774 1640 852 1699 Anu.
877 1640 902 1712 Ι,
928 1643 983 1698 11ι
1010 1643 1078 1712 plus
1110 1643 1140 1696 in
1162 1644 1286 1698 oratione
1306 1645 1360 1698 toti
1379 1645 1472 1715 dioni-

325 1749 393 1802 totis
414 1767 498 1818 quam
513 1722 594 1818 fidei
608 1759 676 1821 erut,
701 1751 863 1820 Tiberioque
884 1750 967 1804 ctiam
987 1749 1018 1802 in
1041 1749 1121 1803 rebus
1143 1767 1226 1819 puae
1253 1768 1309 1804 non
1339 1753 1472 1808 occuleret

327 1885 365 1894 —-
390 1874 524 1927 suspensa
544 1875 651 1927 semper
668 1866 694 1912 et
714 1859 832 1912 alanna
852 1858 936 1911 uerbo
958 1859 1014 1910 eet.
1036 1885 1078 1896 —
1103 1850 1151 1909 Ad
1175 1852 1308 1927 singulas
1331 1854 1475 1914 notiones·

326 1957 443 2018 aceedit
465 1962 643 2038 epexegesis
673 1961 753 2018 Hist.
776 1960 801 2039 Ι,
826 1961 887 2018 89ι
909 1966 996 2032 fuere
1017 1962 1067 2032 qni
1082 1961 1272 2032 proficiscenti
1292 1964 1394 2020 Othoni
1414 1984 1471 2022 mo·

324 2087 374 2122 ras
394 2069 606 2139 relipionempue
639 2073 762 2125 nondum
791 2070 964 2126 conditorum
995 2069 1127 2124 omilium
1155 2071 1292 2140 afferrent.
1336 2067 1388 2140 ΙΙΙ,
1413 2072 1471 2134 tl:

325 2177 490 2229 obruebatur
513 2177 620 2230 animus
640 2177 815 2231 miseratione
836 2193 969 2245 curaque,
998 2193 1032 2230 ne
1049 2175 1241 2244 pertinacibus
1268 2177 1354 2232 armis
1379 2179 1472 2233 minue

323 2282 492 2350 placabilem
513 2283 641 2337 uictorem
669 2283 834 2352 relinqueret
862 2282 973 2352 coniupi
998 2301 1032 2336 ac
1063 2283 1163 2372 tiberis.
1218 2278 1299 2339 Anti.
1328 2281 1378 2355 ΙΙ,
1409 2284 1471 2341 88ι

325 2390 434 2460 reperio
457 2393 536 2460 apud
556 2390 705 2462 scriptores
725 2399 918 2460 senatoresque
940 2391 1087 2444 emendem
1108 2398 1260 2460 temporum
1281 2397 1338 2447 eet.
1365 2421 1400 2432 -

414 2492 553 2571 Denique
575 2491 632 2552 huc
653 2494 806 2571 pertinent
834 2499 924 2552 notae
955 2491 1026 2550 illae
1056 2491 1274 2572 adjectivorum
1301 2495 1473 2577 juncturae,

327 2617 453 2676 quorum
475 2599 593 2676 copiam
615 2599 696 2658 haud
720 2601 859 2674 exiguam
886 2599 951 2675 jam
974 2599 1004 2657 in
1036 2610 1061 2656 et
1086 2598 1217 2679 contuli,
1248 2599 1352 2678 quales
1384 2609 1472 2660 sunt:

326 2704 407 2763 Hist.
436 2705 479 2777 ΙΙ,
511 2708 567 2764 76:
598 2715 663 2778 post
688 2708 788 2763 multos
815 2716 983 2778 somnosque
1012 2725 1154 2764 ammones.
1205 2704 1258 2777 ΙΙΙ,
1286 2707 1343 2763 26ι
1373 2728 1474 2764 nouum

328 2813 540 2883 inmensumque
568 2833 644 2884 opus.
701 2810 739 2887 V,
762 2811 801 2867 4:
831 2831 914 2870 nouos
939 2815 1010 2869 ritus
1042 2814 1255 2884 contrariosque.
1303 2813 1359 2870 16:
1390 2817 1474 2872 laeua

328 2937 362 2974 ac
381 2921 519 2990 propiora
535 2922 667 2991 fluminis.
723 2915 804 2974 Ann.
833 2917 859 2990 Ι,
885 2919 946 2976 2οι
977 2919 1122 2990 amionem
1152 2922 1307 2991 duramque
1334 2921 1473 2976 militiam.

306 3023 382 3096 -ΧΙ,
408 3026 465 3084 24ι
489 3029 619 3084 cutinua
639 3029 706 3082 inde
728 3044 763 3082 ac
777 3029 846 3096 ficta
861 3043 932 3097 pan.
958 3055 996 3068 -
1026 3021 1104 3082 Sunt
1133 3025 1224 3082 etiam
1254 3027 1304 3103 qui
1337 3033 1473 3104 tempore

328 3129 433 3188 addito
456 3130 499 3187 sic
520 3129 700 3202 coaluerint,
731 3137 765 3187 ut
795 3128 878 3207 apud
907 3148 1010 3189 omnes
1042 3127 1106 3188 iere
1130 3129 1290 3208 scriptores
1313 3131 1474 3207 conjuncta

328 3238 532 3309 inveniantur,
564 3255 691 3315 quorum
714 3235 882 3296 ubertatem
907 3235 1030 3295 exhibet
1050 3234 1178 3296 Rothius
1204 3233 1241 3294 de
1263 3252 1370 3313 synon.
1393 3255 1423 3314 p.
1444 3240 1472 3296 7.

330 3344 457 3403 Variare
479 3342 619 3422 copulam
641 3349 731 3420 prout
753 3339 916 3414 conducat,
940 3348 1175 3417 consentaneum
1199 3349 1254 3400 est.

855 3519 882 3602 §-
916 3524 944 3580 a.

344 3661 346 3664 ’
415 3665 575 3744 Reliquum
599 3674 661 3738 est,
684 3673 717 3724 ut
740 3664 778 3724 de
800 3665 889 3724 tertia
911 3672 1146 3724 commentemur
1166 3663 1313 3742 partiente
1332 3677 1474 3743 quaeest

331 3787 420 3848 atque.
447 3807 484 3824 ,-
509 3772 678 3832 Conflatam
702 3790 768 3830 eam
790 3790 858 3830 esse
889 3789 948 3829 non
980 3789 1019 3829 ex
1049 3769 1241 3828 adversativa
1269 3771 1418 3849 particula
1444 3783 1475 3828 at

331 3888 360 3938 et
382 3900 434 3953 pue
451 3875 487 3959 ²),
510 3879 564 3938 aed
588 3897 627 3937 ex
649 3878 874 3956 praepositione
898 3883 938 3934 ad
953 3885 983 3935 et
997 3898 1057 3951 pue,
1075 3876 1146 3952 jure
1167 3876 1241 3935 mihi
1262 3876 1381 3935 videtur
1404 3895 1472 3934 oon·

332 3987 457 4046 tendere
483 3985 620 4045 Handiua
645 3983 744 4064 [Tura.
766 3985 792 4056 Ι,
817 3985 880 4043 452
903 3984 996 4062 seq.)‚
1030 4003 1210 4063 quamquam
1240 3983 1298 4042 hae
1330 3983 1408 4042 duae
1429 4004 1474 4042 ra·

332 4095 429 4153 tiones
451 4095 480 4154 in
503 4095 677 4153 universum
701 4091 808 4151 eodem
830 4089 976 4163 redeunt,
1008 4110 1100 4169 quum
1132 4089 1206 4148 nihil
1227 4089 1339 4148 faciant
1361 4089 1400 4148 ad
1422 4109 1474 4165 ge-

333 4201 454 4259 nuinum
479 4219 599 4259 sensum
623 4200 791 4260 accuratius
814 4197 1063 4278 pernoscendum.
1118 4195 1245 4256 Constat
1278 4196 1355 4255 hanc
1383 4197 1474 4276 parti·

407 4441 431 4514 1)
444 4444 517 4503 'Quod
534 4443 604 4492 votuit
622 4443 750 4504 asisinus,
774 4443 845 4494 schol.
869 4444 907 4493 lat.
926 4457 978 4506 pag.
998 4442 1058 4492 414.
