3188 5252
631 255 690 318 101

92 439 174 493 reete
197 431 325 493 dicatur.
370 427 540 492 Dicendum
564 428 622 490 suit
640 434 702 502 ium
723 438 758 504 et,
780 427 818 488 oi.
840 426 922 488 Hiet.
944 425 971 502 I,
994 405 1055 489 22?
1074 447 1123 490 neo
1143 435 1241 488 moe

91 545 268 600 Ptolomaeus
286 543 349 612 iem
370 550 396 597 et
416 541 528 597 κασία
549 539 699 595 instinctor.
745 531 851 594 Germ.
882 535 937 595 16:
963 541 1026 610 ium
1046 545 1072 595 et
1088 539 1238 611 pecuniam

91 649 219 721 occipere
239 648 390 704 douaimue.
435 643 583 714 ditium
611 652 638 699 ut
668 653 791 702 aetem
818 645 976 716 potientur.
1019 639 1068 699 Ee
1088 641 1168 701 eninr
1190 647 1237 700 eet

88 751 251 814 diveneitae
281 750 480 812 formularum
508 762 534 808 et
552 754 614 822 iem
629 767 665 809 ee
684 754 746 822 iam
767 761 801 825 ut,
830 758 865 809 ut
896 749 980 829 prinu
1009 758 1035 807 et
1057 748 1096 807 eit
1116 747 1237 827 copula,

88 853 334 941 ulternmtveie‘et
350 855 476 941 ottenb.
520 856 686 918 Praeterea
707 857 809 917 neseio
823 854 896 938 quid
917 856 949 917 in
959 854 1087 917 Mediuei
1107 855 1237 916 lectione

88 963 172 1026 dubii
194 963 243 1025 eit.

174 1068 258 1147 Quid
288 1068 327 1131 de
348 1067 424 1130 eede
450 1067 618 1149 particulae
651 1089 758 1144 quone
788 1067 981 1130 statuendum
1011 1067 1059 1140 sit,
1090 1085 1183 1148 quum
1205 1066 1236 1126 in

90 1179 265 1239 universum
286 1195 347 1238 nou
371 1173 535 1252 dubitetur,
557 1174 596 1235 de
619 1192 678 1236 uno
701 1174 768 1234 loeo
790 1175 890 1235 resin
914 1173 1055 1250 ambiguo
1078 1181 1135 1233 eet.
1156 1173 1238 1234 Ann.

89 1282 1238 1359 Hfflsswoewwdmwwssmmfflmmwm

87 1414 119 1451 ue
139 1413 193 1452 ree
211 1392 357 1466 praenati
376 1407 514 1460 meeum,
545 1385 709 1448 Eduardue
733 1383 919 1468 Wurnriue⁸1
949 1393 1033 1447 reete
1054 1385 1183 1447 haerens
1204 1388 1236 1447 in
1281 1453 1284 1458 ,

87 1498 188 1560 verbis
220 1502 315 1574 poeni
345 1501 400 1557 rui-
416 1515 527 1570 quoque
559 1495 689 1573 eonjeeit
714 1476 811 1572 poeria
840 1500 943 1571 ιιιίφω.
988 1492 1077 1572 Quod
1098 1495 1237 1574 quemvis

87 1604 165 1666 bene
185 1602 390 1682 excogitatum
413 1601 463 1681 eit,
490 1609 592 1662 temen
613 1599 745 1680 probare
766 1621 826 1663 non
849 1621 984 1681 pensum.
1027 1602 1108 1662 Nem
1130 1621 1236 1682 perum

88 1709 237 1771 attinebat
257 1725 504 1779 commemorare,
536 1705 734 1768 Seleueeneee
754 1709 846 1768 etiem
872 1727 891 1768 e
913 1706 1057 1769 Vendene
1079 1707 1237 1769 defecieee.

87 1816 196 1895 Neque
218 1833 292 1874 vero
313 1813 448 1874 adducor
469 1821 505 1874 ut
525 1811 638 1872 eodieie
659 1812 818 1874 lectionem
841 1831 945 1874 rerem
953 1814 1122 1887 exietinren,
1144 1833 1237 1894 quern

87 1929 117 1980 et
138 1930 247 1982 eontra
268 1938 354 1980 nenne
376 1925 493 1998 pereat,
515 1918 564 1978 eui
586 1917 670 1998 apud
691 1919 845 1980 Romanos
867 1918 979 2001 ubique
1001 1917 1236 1997 obtemperetur,

87 2037 117 2087 et
131 2026 207 2088 iilud
229 2024 410 2086 voeabulnrn
423 2028 470 2084 eei
489 2041 894 2107 pronueeuperveeenenm,
916 2042 955 2085 ne
970 2024 1068 2084 dinem
1089 2023 1236 2085 ebeonum

87 2135 133 2196 eit.
176 2133 257 2193 Nem
278 2133 320 2196 de
341 2130 401 2194 dio
420 2139 508 2212 petre
530 2151 622 2213 quem
644 2131 795 2194 Vendenie
817 2133 945 2210 eogitari
968 2133 1081 2213 nequit,
1103 2133 1236 2195 minime·

88 2260 146 2322 que
167 2242 353 2302 eonveniene
375 2249 423 2300 eet
442 2239 584 2300 brevitati
606 2240 775 2315 Teeitinee,
807 2238 921 2302 addere
942 2242 1017 2300 taiie
1038 2259 1117 2320 quae
1137 2261 1237 2323 neque

89 2349 298 2428 perepiuuitati
331 2366 430 2426 neque
459 2347 630 2424 elegantiae
661 2349 808 2408 aermouie
834 2349 1009 2415 inserviunt.
1053 2349 1162 2428 ltaque
1185 2349 1236 2410 de-

88 2455 236 2535 prehendi
264 2455 320 2514 hoe
354 2455 420 2514 loeo
450 2452 603 2531 glennone
637 2453 719 2532 apud
742 2473 792 2514 me
814 2453 936 2534 quidem
959 2454 990 2512 in
1011 2451 1152 2512 uonieeeo
1172 2464 1236 2515 eet:

3 2633 4 2636 Ἴ
89 2582 188 2643 neque
203 2561 276 2624 ,hee
297 2563 329 2622 in
345 2611 348 2616 .
362 2577 397 2620 re
417 2559 562 2622 eudaeiue
599 2577 691 2636 egere
720 2561 795 2622 mibi
819 2560 936 2634 videor,
975 2578 1065 2640 quam
1087 2560 1108 2619 ii
1131 2561 1182 2640 qui
1205 2562 1236 2622 in

3 2675 5 2704 ¹
89 2667 196 2728 eodem
228 2667 331 2746 eapite
363 2666 459 2728 verbe
487 2671 547 2740 eiu·
580 2675 612 2727 et
648 2670 698 2742 pai
709 2711 711 2716 -
731 2676 884 2747 temquem
921 2666 1130 2728 additamenta
1152 2670 1236 2729 uneie

89 2775 283 2836 inolneernnt.
305 2768 354 2822 ω’
1022 2767 1025 2773 ’

174 2881 250 2946 Alia
270 2889 317 2944 eet
339 2881 477 2975 quaestio
499 2901 570 2944 nunu
592 2881 831 2961 vieepartieuire
852 2902 959 2958 propere
979 2881 1128 2944 interdum
1151 2884 1236 2961 fungi

61 3025 63 3029 ·
91 2992 187 3071 poenit
218 2989 369 3070 pertioula
397 3011 458 3066 pue,
488 2987 519 3048 id
553 2987 635 3069 quod
669 2989 767 3048 vinum
800 2997 848 3050 eet
876 2988 989 3048 Rothio
998 2985 1032 3070 ³),
1060 2989 1236 3073 Waltero⁴},

90 3095 251 3172 Kruegero
265 3090 299 3177 ⁵),
333 3097 364 3156 in
398 3095 489 3158 dnbio
526 3095 650 3176 reliquit
684 3091 931 3177 Doederlinue⁶).
952 3127 999 3140 --
1042 3095 1085 3156 Ut
1107 3096 1236 3157 vidimue

91 3225 197 3279 uroque
218 3222 310 3284 quum
334 3204 375 3263 nii
398 3204 437 3264 eit
458 3193 514 3264 niei
531 3202 716 3284 dupiieetnm
739 3223 799 3278 que,
820 3201 860 3263 eb
880 3203 966 3262 initio
987 3202 1236 3281 significationem

89 3309 212 3374 exbibet
233 3308 314 3370 bend
337 3310 463 3372 muitum
486 3309 609 3390 quidem
633 3308 793 3390 divereem,
823 3308 926 3388 pauiio
948 3308 1104 3370 fortiorem
1126 3317 1237 3374 tamen.

90 3416 141 3476 Sio
162 3416 303 3495 provenit
318 3415 492 3482 ,dieerimen
522 3416 607 3490 iilud,
637 3414 719 3496 epud
741 3433 847 3476 ornnee
877 3413 973 3476 bonon
1002 3417 1163 3496 aeriptoree
1185 3419 1237 3480 ob-

91 3522 183 3603 vium,
216 3541 255 3582 ex
277 3541 337 3602 quo
359 3521 476 3583 fortiori
499 3522 624 3583 voeulee
654 3529 759 3602 parter
781 3522 872 3582 etiam
903 3520 1043 3579 fortiores
1067 3520 1239 3585 tribueban-

90 3639 148 3704 tur,
178 3637 272 3709 etque
303 3629 333 3688 in
357 3648 423 3690 eern
456 3629 553 3690 abiret
574 3629 627 3690 illa
648 3628 906 3706 significationem,
936 3646 1024 3706 quern
1048 3645 1141 3708 eupre
1162 3631 1238 3693 indi·

91 3737 168 3797 cavi.
212 3735 286 3814 Sed,
315 3744 350 3797 ut
371 3743 502 3816 apparet
521 3743 640 3826 reeeet
664 3753 718 3816 per
740 3753 773 3795 ee
796 3734 919 3793 minime
940 3734 1157 3814 improbabilis,
1194 3740 1237 3799 in·

91 3844 210 3906 terdum
235 3845 320 3928 iouia,
349 3842 461 3920 ubido
493 3845 608 3923 majore
640 3845 792 3922 gravitate
822 3862 884 3904 non
904 3851 1054 3919 ageretur,
1083 3867 1135 3920 quo
1156 3855 1237 3907 trun·
1357 3831 1379 3883 ·’

93 3955 180 4013 siieee
203 3953 234 4012 in
257 3953 318 4013 vim
341 3952 508 4032 pertieuiee
530 3954 578 4014 oui
601 3952 723 4032 proprie
745 3970 835 4032 quarn
858 3951 1072 4027 eognetieeime
1093 3955 1143 4013 eit.
1164 3955 1238 4016 dem
1279 3995 1284 4001 ·

93 4081 165 4121 vero
179 4059 356 4133 videndum,
378 4059 452 4141 quid
469 4060 578 4120 doeeet
595 4059 782 4122 consuetudo
805 4059 872 4142 ipee
897 4057 1014 4120 dieendi
1026 4061 1238 4126 Romanorum.

165 4211 195 4280 ι)
215 4214 245 4264 u.
264 4171 397 4279 ruffin,
419 4216 477 4270 ree.

166 4303 200 4376 2)
217 4307 380 4372 Phnoum,
406 4309 449 4364 92.
474 4335 511 4351 -
537 4309 567 4379 3)
584 4313 639 4364 Ere.
656 4313 694 4365 ed.
712 4313 787 4376 Agrie.
805 4313 853 4364 251
875 4327 941 4379 seqq.
965 4335 999 4352 -·
1026 4312 1057 4382 4)
1074 4315 1103 4366 ed
1121 4316 1202 4368 Annei.
1220 4321 1239 4381 Ι,

95 4398 138 4450 28.
157 4428 190 4439 -
213 4397 243 4468 5)
260 4400 361 4453 Gratum.
379 4402 419 4454 lut.
440 4401 464 4472 S.
483 4402 544 4467 5³⁴,
563 4404 616 4455 adn.
635 4403 662 4457 3.
684 4429 719 4444 -·
744 4402 776 4472 6)
793 4405 897 4469 Prolegg.
916 4404 945 4456 ud
965 4406 1020 4460 Tau.
1038 4422 1090 4474 prs.
1108 4409 1185 4463 ml.
1204 4436 1240 4452 -
