3196 5270
727 1439 893 1518 CAPUT
920 1438 1128 1519 PRIMUM.

531 1623 587 1686 DE
608 1623 860 1692 PARTIOULIS
883 1637 946 1707 an,
974 1635 1065 1708 Qua,
1093 1623 1229 1732 Areua
1247 1634 1329 1706 (ne).

451 1829 651 1894 (loordinaudi
679 1836 754 1896 ratio
790 1837 921 1916 quinque
954 1845 1071 1898 constat
1095 1837 1273 1915 generibus:
1312 1833 1493 1915 copulativa,

369 1936 564 2016 adversative,
587 1940 774 2019 disjunctive,
797 1942 976 2017 conclusivo,
999 1943 1176 2022 explicativo
1190 1943 1238 2003 vel
1259 1943 1377 2003 causali.
1407 1940 1494 2014 Quo·
1521 1931 1523 1936 ⁵

366 2066 432 2105 rum
454 2048 581 2126 primum
604 2069 696 2128 quum
718 2049 896 2127 singularem
912 2049 1059 2130 quendam
1081 2069 1191 2110 nexum
1212 2069 1318 2130 parum
1339 2047 1492 2121 indicaret,

366 2149 464 2210 studio
492 2153 670 2232 scriptorum
704 2155 901 2214 recentiorum
932 2173 1021 2234 quam
1056 2155 1184 2214 maxime
1219 2151 1386 2228 occurebat.
1434 2151 1493 2211 Est

365 2277 438 2320 vero
460 2267 521 2318 tam
539 2260 701 2336 infinitum,
728 2268 763 2320 ut
784 2262 905 2340 proprie
935 2281 1036 2322 omnes
1063 2260 1257 2321 coordinandi
1278 2259 1383 2321 modos
1412 2279 1492 2319 com·

365 2366 523 2448 plectatur,
544 2387 635 2448 quare
657 2369 882 2448 conjunctiones
906 2369 1092 2449 copulativae
1113 2369 1238 2429 aliorum
1265 2388 1384 2449 quoque
1406 2375 1491 2448 quat·

365 2483 435 2536 tuor
455 2495 597 2553 generum
618 2484 717 2555 partes
740 2478 886 2538 sustinere
909 2485 939 2538 et
966 2485 1101 2557 possunt,
1134 2485 1164 2538 et
1185 2476 1421 2557 frequentissime
1442 2497 1491 2536 eu-

363 2585 486 2646 etiuent.
527 2585 604 2644 Nam
626 2593 697 2644 sunt
725 2586 810 2664 quasi
831 2585 951 2645 vincula
983 2585 1084 2646 mollia
1110 2592 1201 2666 atque
1232 2584 1384 2658 flexibilia,
1413 2589 1492 2663 quae

365 2700 457 2771 prout
478 2691 625 2766 conducit,
646 2691 735 2752 modo
758 2691 961 2754 extenduntur
981 2691 1071 2753 modo
1093 2691 1131 2751 ad
1153 2693 1290 2770 exiguam
1314 2711 1349 2750 ac
1370 2698 1492 2750 tenuem

365 2801 425 2861 vim
447 2819 512 2860 sese
533 2800 685 2878 colligunt.
734 2800 841 2879 Itaque
861 2799 941 2860 hunc
971 2802 1002 2860 in
1029 2798 1212 2879 exponendis
1239 2798 1363 2876 singulis
1385 2817 1491 2878 sequa-

365 2930 430 2970 mur
452 2908 594 2970 ordinem.

451 3015 511 3076 Sed
531 3021 690 3094 antequam
711 3014 822 3076 adrem
843 3016 939 3094 ipsam
956 3015 1138 3088 accedamus,
1160 3014 1327 3095 copiaque
1348 3013 1493 3076 exuberat

365 3124 476 3206 lingua
494 3123 586 3182 latina
616 3123 859 3199 conjunctionum
891 3120 1144 3202 copulativamm,
1180 3127 1214 3178 ut
1240 3120 1273 3179 in
1301 3119 1409 3182 classes
1439 3142 1491 3183 eas

365 3229 530 3308 digeramus
553 3248 607 3288 nos
629 3227 757 3288 adducit.
800 3228 902 3308 Atque
923 3227 1052 3306 primum
1073 3225 1282 3288 discernendae
1311 3235 1382 3289 eunt
1410 3227 1491 3290 affir-

363 3339 491 3398 mativae
513 3344 543 3397 et
565 3336 736 3414 negativae3
765 3334 1007 3394 affirmativarum
1027 3352 1099 3393 vero
1122 3331 1198 3392 duae
1218 3354 1251 3394 se
1272 3333 1401 3396 offerunt
1423 3353 1490 3415 spe-

364 3446 439 3518 cies,
470 3463 595 3523 quarum
624 3440 716 3501 altera
741 3443 896 3501 arctiorem
925 3439 1019 3501 altera
1046 3439 1218 3502 solutionem
1250 3459 1359 3500 nexum
1389 3441 1489 3504 eflicit.

365 3550 415 3611 Ad
443 3551 569 3629 primam
597 3555 696 3609 autem
727 3549 879 3627 pertinent
907 3547 1047 3608 voculae:
1082 3560 1122 3621 ct,
1152 3568 1217 3621 que,
1247 3558 1329 3620 atque
1348 3552 1415 3621 (oc).
1446 3584 1488 3595 -

364 3657 469 3736 Neque
489 3655 593 3715 inutile
615 3653 732 3714 videtur
753 3655 912 3733 separatim
935 3675 984 3716 aas
1012 3662 1157 3728 tractare,
1185 3671 1364 3735 quamquam
1386 3655 1489 3716 uuius-

273 3819 276 3824 .
365 3766 509 3844 cujusque
530 3783 617 3822 usum
639 3762 724 3822 certis
746 3781 782 3821 ac
802 3761 948 3822 distinctis
969 3761 1075 3823 finibus
1097 3759 1294 3840 circumscribi
1315 3779 1377 3819 non
1397 3778 1488 3839 posse

364 3869 449 3930 facile
469 3869 651 3947 intelligitur.
693 3868 805 3928 Verum
818 3875 898 3928 certe
912 3888 1027 3931 sumere
1042 3889 1202 3949 possumus
1221 3867 1385 3947 antiquitus
1402 3885 1487 3927 suam

364 3995 514 4058 quamque
534 3977 593 4037 vim
616 3995 650 4034 ac
671 3983 808 4036 naturam
828 3975 985 4036 retinuisse
1005 3975 1192 4055 singularem.
1280 3959 1282 3966 ¹

885 4165 915 4245 s.
939 4163 969 4227 1.

451 4290 611 4354 intercedit
635 4291 713 4352 inter
734 4305 759 4351 ct
780 4300 870 4373 atque
891 4292 963 4353 alias
985 4291 1059 4351 duas
1085 4288 1246 4372 particulas
1278 4290 1355 4350 ratio
1384 4288 1488 4350 eadem

362 4409 452 4482 atque
480 4401 558 4460 inter
589 4396 773 4476 copulativae
801 4405 832 4457 et
862 4395 1081 4459 coordinativas
1109 4396 1142 4454 in
1169 4396 1349 4457 universum.
1397 4397 1487 4457 Patet

362 4509 439 4569 euim
461 4507 544 4567 notio
566 4507 629 4583 ejus
647 4511 707 4562 tam
730 4502 789 4562 late
811 4511 844 4563 ut
866 4519 920 4583 pro
944 4525 994 4578 que
1015 4502 1063 4563 vel
1084 4514 1165 4577 atquc
1186 4499 1295 4582 abique
1316 4501 1415 4562 locum
1436 4501 1487 4561 ha-
