3188 5252
843 259 907 322 rto
977 221 980 228 ’

295 422 433 494 omnibue
456 431 653 510 interpretum
676 427 826 508 sompniis
845 425 879 510 ¹).
922 428 1001 505 Quin
1024 430 1121 490 etiem*
1138 430 1356 506 eontenderinr,
1384 451 1443 492 non

295 517 385 620 poene
406 539 512 620 utiquo
533 557 588 598 noe
611 554 720 602 oerore,
734 523 883 617 partionis
902 549 936 612 et,
956 537 1015 598 niei
1029 539 1179 600 eontentio
1200 539 1294 600 multo
1315 539 1444 616 ealigine

295 647 502 732 perfimdetun
525 629 529 642 ¹
554 647 650 708 Deest
671 647 749 708 enirn
784 646 970 707 enuntiatum
1003 645 1043 706 ed
1073 647 1155 726 qnod
1177 655 1296 726 eportet
1316 647 1391 710 iilud
1413 648 1444 708 in

295 775 356 836 qno
378 763 478 816 exeret
499 766 532 814 et,
579 751 640 814 Sed
663 755 688 812 ei
707 753 797 816 Nero.
805 754 917 816 oeeitoe
936 753 1064 814 Burrum
1084 765 1115 814 et
1133 753 1279 815 Senooem
1301 754 1387 827 odiit,
1410 763 1444 815 nt

296 865 326 924 in
349 863 401 924 teli
423 881 522 922 rernm
545 860 715 924 discrimine
736 860 880 922 anxiiinnr
914 858 1042 934 ferrent,
1076 859 1113 920 iie
1135 860 1272 920 involute
1292 871 1340 920 eet
1364 861 1443 937 eogi-

296 972 386 1044 tatio,
416 979 480 1032 turn
508 968 633 1050 quidem
661 987 714 1029 eoe
736 967 938 1028 uenditionem
961 977 1268 1048 rerutneompertenr
1290 967 1442 1038 hebniuee,

296 1087 388 1158 etque
409 1077 440 1142 id
461 1077 562 1140 eninm
585 1077 732 1140 innuen
755 1075 832 1148 fuit,
854 1095 904 1136 en
917 1084 1023 1146 anton,
1056 1074 1086 1135 h.
1109 1095 1136 1137 e.
1159 1083 1230 1138 ente
1251 1077 1444 1138 commissum

296 1185 411 1246 terinne
433 1185 532 1262 ignari
555 1183 695 1244 tuissent.
739 1181 908 1244 Ferebatur
931 1184 1020 1244 enim¹
1033 1203 1153 1263 rumor,
1177 1183 1326 1244 Seneoern
1346 1183 1444 1244 Nero-

297 1313 366 1354 nem
389 1291 429 1351 ed
445 1291 637 1371 parricidium
656 1289 827 1370 perpulisse
844 1285 877 1372 ἵ).
922 1290 1006 1368 Ergo
1027 1289 1052 1349 ei
1074 1291 1104 1349 in
1128 1290 1206 1352 huno
1227 1289 1351 1350 modurn
1372 1310 1443 1370 enp-

297 1402 414 1481 plernue
437 1399 635 1475 cogitationes
658 1397 1002 1477 serint01·ie‚‚videmue
1033 1398 1131 1459 loenrn
1153 1416 1277 1477 proreue
1306 1398 1444 1458 similiter

297 1487 503 1588 compererunt
526 1525 609 1579 enee,
633 1525 668 1564 ee
689 1505 767 1583 illos,
791 1503 828 1564 de
853 1503 962 1585 quibus
985 1483 1056 1564 ente
1079 1504 1228 1581 diximue3
1250 1523 1318 1566 esee
1340 1517 1442 1564 nutem

297 1615 449 1672 notionem
472 1631 678 1694 eommunem:
707 1610 965 1692 doinnrwNeronin
988 1609 1026 1669 ed
1054 1604 1285 1691 pervertendum
1315 1619 1442 1671 matrem

298 1721 510 1802 compositum.
554 1697 652 1796 Quem
675 1739 767 1807 quum
791 1719 820 1778 in
843 1719 880 1778 iis
903 1738 981 1799 queo
1003 1719 1187 1780 antecedunt
1209 1738 1247 1779 ne
1264 1718 1356 1779 verb'o
1377 1720 1442 1798 qni·

222 1835 224 1838 '
299 1829 367 1888 dem
392 1828 583 1908 respiciatur,
616 1835 650 1886 ut
679 1826 840 1886 extolleret
863 1825 1089 1906 adduceretque
1111 1826 1151 1886 ed
1173 1827 1306 1887 animum
1328 1827 1442 1902 lectori,

297 1937 417 2014 scripsit
439 1917 582 1994 Tacitus:
604 1947 635 1993 et
657 1938 864 2007 aurigantur.

383 2043 433 2100 Ex
448 2045 514 2120 ipse
539 2041 599 2100 stili
614 2040 746 2100 Tanitini
764 2049 872 2099 nature
896 2039 1038 2099 facillime
1061 2027 1360 2118 expeditur'oeueen
1382 2061 1443 2120 qua

297 2160 464 2209 commotus
487 2150 615 2227 scriptor
635 2145 771 2206 omiserit
792 2149 921 2226 primurn
943 2145 1018 2207 iliud
1046 2147 1228 2221 membrum,
1265 2147 1290 2206 ei
1318 2147 1442 2228 quidem

287 2237 362 2316 ⁴eine
384 2275 496 2334 magne
520 2239 697 2315 difficultete
719 2252 750 2313 id
773 2254 908 2332 ruppieri
929 2273 1020 2332 posse
1042 2254 1179 2334 putebat.
1229 2253 1319 2330 Quod
1341 2253 1443 2314 denuo

297 2359 411 2424 facturn
434 2383 502 2422 esse
525 2361 720 2438 intelligimus
743 2359 825 2420 Hist.
847 2359 905 2435 ΠΙ,
929 2363 986 2422 67:
1010 2362 1176 2420 obruuntur
1197 2364 1306 2421 numne
1324 2362 1439 2421 mirerass

297 2477 370 2532 tione
390 2492 526 2545 cunque,
558 2492 592 2529 no
618 2459 809 2546 ponteonem
840 2473 927 2528 aronio
950 2473 1040 2528 minuo
1059 2471 1229 2543 placabilem
1253 2471 1383 2531 vinorum
1400 2491 1443 2529 re-

297 2583 433 2654 linqueret
463 2581 575 2652 oonjnyi
604 2600 638 2637 ao
670 2577 775 2652 liberie,
811 2590 871 2636 erat
898 2582 945 2638 iun·
964 2590 996 2636 et
1023 2583 1131 2652 foeno
1163 2590 1293 2636 notato
1316 2595 1444 2666 pererref

299 2707 335 2745 ee
357 2687 382 2744 ei
405 2685 559 2770 inpriore
582 2684 647 2743 loeo
671 2684 867 2745 offendebant
889 2684 1033 2756 editores,
1065 2683 1165 2745 miror.
1189 2684 1270 2765 quod
1297 2685 1376 2745 hune
1398 2685 1442 2746 in·

299 2801 412 2852 tectum
444 2791 639 2871 reliquerunt.
683 2781 792 2872 Neque
827 2793 905 2852 enim
928 2800 1029 2870 potest
1058 2791 1136 2850 trahi
1164 2792 1311 2872 particulo
1343 2806 1369 2853 ot
1402 2792 1441 2855 ed

246 2911 249 2914 '
298 2898 477 2959 vocobulum
494 2919 611 2974 parone,
632 2897 687 2958 ned
706 2917 829 2958 neeesse
853 2906 899 2958 oet
921 2918 1041 2977 semper
1062 2916 1128 2958 eum
1153 2899 1295 2977 conjungi
1312 2919 1380 2959 eum
1403 2919 1441 2959 eo

300 3004 394 3064 verbo
416 3014 487 3063 ante
512 3003 593 3084 quod
615 3003 717 3064 sedern
740 3003 859 3065 habent.
904 2991 946 3064 At
968 3025 1057 3084 qnam
1077 3023 1182 3083 porum
1206 3023 1298 3084 supra
1320 3024 1360 3065 ex
1376 3025 1442 3066 ver·

299 3111 346 3171 bis
363 3116 496 3170 invenem
518 3132 556 3169 nn
577 3121 603 3168 et
625 3123 689 3168 onte
710 3115 824 3184 tenerer
847 3109 1025 3170 sumendum
1050 3109 1134 3171 nobie
1157 3119 1240 3170 eret:
1263 3119 1328 3170 tom
1350 3131 1442 3191 quum

300 3219 382 3278 Nero
404 3237 458 3278 eos
481 3217 588 3278 eoeivit
610 3217 707 3295 ignari
730 3217 860 3294 fuorunt,
883 3217 937 3278 red
960 3217 1076 3299 potine:
1107 3223 1193 3293 nturi
1212 3217 1348 3292 fuerunt,
1379 3219 1442 3279 trin

300 3341 405 3401 parum
438 3323 508 3382 lieet
531 3340 548 3380 ο
569 3323 723 3380 sententie
744 3334 805 3380 orat
824 3326 871 3382 itti
891 3334 916 3381 et
929 3329 1013 3396 sorra
1035 3333 1126 3382 anate
1152 3345 1259 3398 pererro
1287 3324 1442 3383 trahemus

302 3430 441 3489 frivolam
478 3429 559 3488 illurn
591 3429 825 3503 cogitationem:
861 3435 925 3488 erut
955 3429 1000 3489 ilii
1029 3428 1128 3489 adhue
1160 3429 1222 3489 alie
1248 3449 1359 3509 perenn
1387 3449 1443 3490 uon

303 3537 384 3596 fenne
407 3547 516 3610 aetate,
548 3536 602 3596 red
625 3544 730 3595 contre
761 3535 907 3596 habebut:
934 3541 1076 3611 cnutonem
1105 3559 1139 3597 oe
1161 3542 1260 3598 liberor
1281 3557 1341 3598 non
1362 3537 1443 3599 feoen

303 3649 415 3701 aetate.
457 3641 551 3700 Notio
572 3641 740 3700 communie
762 3647 826 3700 est:
850 3641 1021 3719 propinqui.

391 3747 452 3809 Sed
474 3747 604 3828 nequid
626 3749 793 3807 somnieree
814 3746 937 3820 videar,
968 3748 1000 3807 in
1022 3748 1081 3808 fine
1097 3747 1240 3808 edocebo
1261 3749 1360 3809 locum
1382 3769 1442 3830 quo

301 3855 471 3916 evidentior
501 3864 532 3914 et
563 3853 601 3913 od
633 3852 820 3932 probandum
849 3853 995 3931 judicium
1026 3875 1124 3914 meum
1154 3856 1253 3934 optior
1281 3856 1334 3914 vix
1362 3855 1443 3918 ullus

301 3965 430 4026 inveniri
456 3970 566 4043 potest.
620 3962 699 4022 Nem
730 3958 813 4023 Anu.
843 3957 873 4036 1,
898 3964 918 4050 3
942 3981 967 4022 e.
989 3961 1011 4022 f.
1037 3962 1178 4040 legimns:
1207 3968 1332 4037 iuniores
1356 3978 1443 4040 poet

375 4150 404 4218 1)
421 4137 527 4202 Ernesti:
551 4167 580 4200 nn
599 4158 651 4202 ente
671 4152 775 4216 igner0s3
800 4153 903 4202 Haeseus
929 4167 958 4202 en
975 4153 1009 4202 rei
1028 4161 1104 4202 tenue
1123 4153 1216 4214 ignaros
1234 4150 1306 4222 (teste
1323 4151 1443 4222 Baitero);

300 4239 466 4304 Nipperdejue:
492 4240 536 4290 uisi
555 4240 610 4304 quid
628 4241 714 4290 Burrus
742 4249 766 4291 et
785 4242 880 4303 Seneca,
898 4257 955 4306 quos
969 4243 1045 4291 stetim
1064 4240 1183 4303 recineret,
1208 4243 1321 4292 incertum
1339 4259 1369 4293 en
1388 4259 1443 4307 epe-

300 4330 373 4392 riens‚
392 4337 415 4379 ot
433 4339 484 4380 ante
502 4332 608 4395 ignaros3
628 4333 749 4384 Baiterns:
767 4351 797 4384 en
815 4335 922 4396 ignur0s3
941 4333 1079 4384 Oberiinus:
1092 4349 1120 4382 en
1140 4342 1163 4384 ot
1181 4342 1234 4386 ento
1252 4349 1345 4396 gnaros.

373 4419 404 4490 2)
422 4424 452 4471 ci.
471 4422 549 4472 Dionis
567 4423 631 4474 Caes.
644 4424 686 4485 61,
709 4425 749 4476 12.
