3196 5270
710 345 751 406 45

161 519 264 589 aisam;
285 537 319 573 ac
339 519 461 590 spatimn
474 519 537 588 snit
559 535 613 589 atto
634 519 739 574 Caesar
759 521 789 574 in
809 521 1016 577 tabernaonbcm
1035 531 1188 595 raperetur.
1217 519 1304 594 XIV,

165 625 223 682 12:
248 627 375 680 Thrasea
402 627 505 679 Paetus
539 626 648 680 elenae
672 627 716 681 ael
744 627 820 682 meai
847 629 967 683 adsensu
991 629 1103 700 priores
1130 630 1306 686 adulationes

161 735 347 789 transmittere
367 734 464 789 solitas
485 732 550 788 sciit
571 741 629 788 tum
647 741 754 805 senata,
777 753 812 789 ac
832 735 886 790 sibi
906 753 1020 792 cansam
1037 737 1160 808 periculi
1177 738 1305 804 fecit.-

162 838 243 899 Ann.
252 837 278 910 1,
291 838 350 897 53:
371 840 505 911 (Jutiam)
525 841 624 912 inopia
645 859 680 894 aa
700 843 763 896 tabe
784 843 868 912 lanae
885 845 1018 914 peronia
1038 840 1124 900 tabes
1146 859 1186 899 ex
1202 837 1306 920 inopia

161 951 235 1002 nata
257 951 312 1002 est.
354 943 393 1017 V,
417 946 452 1003 3:
471 965 579 1018 pacoro
601 965 635 1002 ao
655 947 765 1002 amneio
791 942 821 1001 h.
844 962 886 1002 e.:
915 963 1030 1023 pavore
1052 953 1083 1007 et
1103 953 1229 1026 propter
1251 965 1305 1026 pa·

161 1067 264 1108 vorem
288 1047 415 1108 silentio.
464 1019 582 1108 bledein
612 1050 689 1108 ratio
711 1049 870 1109 intercedit
892 1051 969 1110 intur
991 1051 1098 1112 verba:
1128 1057 1250 1128 spatium
1273 1074 1307 1112 aa

160 1175 261 1212 moras.
307 1153 388 1212 Hist.
411 1152 452 1226 ΙΙ,
476 1157 527 1229 37,
550 1175 628 1236 quae
649 1174 724 1215 cave
744 1173 781 1212 ne
804 1154 914 1214 habeas
936 1175 991 1234 pru
1014 1158 1201 1236 synonymis.
1228 1157 1305 1232 XII,

162 1261 222 1319 51:
245 1263 395 1318 Zenobiam
408 1293 450 1302 —-
462 1264 582 1334 placido
602 1265 699 1320 alavio
719 1264 872 1334 spirantem
894 1281 929 1318 ac
949 1266 1023 1321 citae
1043 1268 1238 1337 manifestam
1259 1265 1303 1324 in·
1422 1259 1431 1278 '

161 1365 286 1441 tellige:
310 1372 410 1444 atquc,
431 1373 465 1424 ut
486 1366 556 1426 inde
579 1365 754 1445 apparebat.
800 1365 881 1424 Hist.
904 1365 948 1437 11,
974 1369 1032 1426 22:
1058 1373 1164 1443 inpones·
1178 1376 1305 1444 pondere

161 1492 197 1528 aa
217 1477 333 1543 fraaore
353 1475 533 1546 prosaicam,¹
562 1473 665 1551 fragor
687 1489 723 1530 eu
745 1471 812 1550 ipso
834 1470 1027 1554 nascebatur,
1058 1474 1139 1555 quod
1172 1476 1302 1536 molares

160 1575 324 1654 ponderosi
346 1583 442 1635 erant.
498 1578 548 1636 Ex
572 1596 631 1658 quo
661 1582 746 1656 patet
778 1575 834 1634 bos
868 1576 1015 1636 ablativos
1044 1599 1104 1640 non
1136 1599 1175 1641 ex
1205 1600 1302 1661 aequo

162 1681 258 1741 dictos
280 1701 364 1756 esse,
386 1701 492 1742 veram
520 1682 677 1742 brevitatis
703 1679 802 1740 studio
831 1687 1011 1741 commotum
1040 1683 1215 1762 scriptorem
1250 1702 1302 1743 eos

161 1788 353 1866 conjunxisse
367 1785 411 1863 .²).

247 1894 277 1954 5.
321 1894 462 1974 Denique
483 1893 622 1973 adjungit
644 1906 727 1967 atque
746 1893 900 1953 notionem
922 1912 1000 1972 quac
1022 1885 1189 1954 accuratius
1207 1896 1301 1975 expli·
1394 1959 1399 1968 .

161 2006 225 2074 cat,
247 1999 393 2077 imprimis
416 2002 442 2058 si
464 1997 604 2077 gradatm
627 1997 775 2078 quaedam
799 1999 923 2059 efficitur
939 1994 982 2080 ²),
1014 2008 1048 2059 ut
1069 2009 1301 2061 consentaneum

161 2111 217 2168 est.
260 2103 336 2182 Agr.
365 2107 401 2164 4:
429 2111 591 2165 Masaliam
611 2141 655 2152 -
680 2111 769 2165 locam
798 2126 901 2179 praeca
932 2109 1058 2164 comitate
1086 2118 1112 2164 et
1136 2110 1305 2180 prouinciali

156 2215 332 2286 parsimonia
352 2215 464 2270 mictum
479 2235 514 2272 aa
526 2219 591 2272 tene
605 2216 795 2286 compositam,
817 2212 944 2270 alterum
965 2211 1131 2271 membrum
1157 2211 1300 2300 declarat,

161 2319 258 2397 qualis
281 2317 372 2378 fucrit
393 2320 523 2379 mixtura
545 2320 606 2381 illa.
662 2317 734 2379 lbid.
766 2321 844 2375 altra
877 2337 961 2391 qaam
990 2339 1143 2377 concessam
1172 2323 1300 2378 Bouiano

160 2447 194 2484 aa
213 2430 342 2485 reamari.
387 2424 468 2485 Ann.
488 2425 565 2499 XII,
590 2427 650 2484 22:
684 2436 764 2482 atron
790 2427 851 2482 odii
878 2427 1040 2496 Aprippina
1062 2445 1097 2480 aa
1117 2427 1229 2482 Lolliae
1256 2428 1298 2481 in·

154 2539 248 2605 sensa.
293 2533 334 2604 Π,
359 2533 420 2592 34:
443 2536 620 2606 spectabatur
641 2539 801 2588 occursante
816 2532 923 2602 popula
944 2531 1107 2602 compositus
1128 2549 1175 2586 ore
1197 2539 1223 2586 et
1243 2548 1300 2586 ser·

159 2639 283 2696 manaim
304 2641 393 2695 uariis
413 2650 518 2710 tempas
546 2647 629 2709 atque
656 2638 709 2694 iter
739 2639 858 2705 ancona
891 2631 985 2692 verba
1012 2636 1066 2691 iter
1092 2637 1195 2691 ducens
1225 2631 1299 2691 nihil

158 2742 292 2800 iudicant
314 2743 372 2801 nisi
395 2741 598 2802 definitionem
621 2740 761 2800 vocabuli
783 2738 865 2819 quod
887 2737 1056 2813 antecedit,
1079 2739 1122 2797 ita
1143 2746 1177 2798 nt
1205 2736 1301 2797 subsit

159 2863 277 2906 sensus:
310 2855 430 2926 tempus
463 2867 642 2908 consumens
672 2845 708 2906 eo
742 2844 824 2925 quod
857 2846 916 2904 iter
943 2844 975 2902 in
1005 2842 1127 2920 longum
1161 2843 1300 2904 ducebat.

159 2951 249 3012 Certe
270 2952 435 3028 infringunt
464 2954 677 3012 nervositatem
707 2951 866 3031 arationis,
901 2951 952 3029 qui
987 2950 1152 3028 explicant:
1182 2957 1301 3027 tempus

158 3060 274 3120 itineris
304 3058 425 3118 ducens.
458 3091 500 3102 -
532 3056 613 3115 Anu.
643 3055 688 3128 ΙΙ,
712 3058 768 3117 33:
802 3059 913 3115 arcessit
942 3058 1047 3114 limito
1074 3075 1108 3113 ac
1133 3057 1297 3130 postularit,
1331 3128 1337 3147 ι

158 3164 187 3229 b.
210 3183 237 3224 c.
260 3183 296 3223 eu
319 3165 400 3243 quod
420 3163 586 3243 postulavit
601 3157 638 3240 ³).
1065 3159 1069 3166 ’

587 3303 871 3318 -Ι--υ-ῄ

373 3405 380 3414 ‘
499 3427 668 3503 ansus
703 3423 960 3500 Acaunum

158 3569 216 3628 DE
249 3565 605 3629 OOORDINATIONE
636 3564 882 3639 NO'I'IONUM‚
916 3564 1096 3641 QUARUM
1126 3563 1300 3625 ALTERA

156 3655 318 3716 ALTERI
340 3651 575 3715 INHAERET.
598 3686 639 3698 —
673 3653 731 3711 DE
761 3649 1077 3712 lMPLIOATIONE
1107 3649 1300 3725 QUADAM.

242 3874 293 3935 Ad
315 3877 406 3936 finem
426 3877 574 3956 perducta
598 3886 667 3938 sunt
679 3925 687 3959 ,
712 3897 791 3958 quac
815 3877 852 3937 de
874 3876 969 3936 tribus
990 3875 1049 3935 illis
1070 3873 1224 3962 particulis
1239 3872 1297 3930 sin-

155 3982 282 4058 gillatim
306 3982 459 4062 disputata
481 3984 634 4058 volebam,
664 3986 708 4044 ita
735 3996 769 4044 ut
791 3987 855 4063 jam
882 3986 961 4044 inter
984 4001 1017 4042 se
1040 3981 1206 4070 comparapi
1228 3998 1296 4059 pos·

230 4121 257 4186 l)
277 4121 407 4172 Accusatius
425 4125 454 4174 de
472 4125 515 4175 buc
533 4141 576 4176 usu
595 4133 720 4190 exponetur
739 4141 788 4189 cup.
807 4126 837 4176 ll.

229 4207 255 4276 2)
275 4211 381 4261 Gradatio
405 4212 472 4262 ctiam
500 4229 527 4263 eu
551 4221 655 4264 constare
679 4221 763 4279 potest,
787 4213 850 4277 quod
877 4211 940 4260 nubo
965 4208 1092 4270 generalior
1117 4205 1253 4271 apponitur,
1271 4213 1297 4256 nl

155 4296 269 4360 significet
285 4307 373 4366 mque:
393 4299 448 4351 and
464 4301 615 4370 r'ttsrlsaapt.
653 4303 705 4365 Agr.
723 4302 752 4353 2:
776 4301 876 4366 expulsis
899 4299 994 4362 insuper
1017 4296 1140 4362 sapientiae
1161 4295 1298 4361 professuri-

155 4387 200 4438 hus
218 4396 285 4453 atquc
303 4389 364 4439 amni
381 4391 441 4440 bona
459 4399 508 4441 arte
524 4390 547 4440 in
566 4391 656 4441 exilium
674 4399 731 4442 acta.

229 4477 257 4543 3)
275 4478 307 4528 bc
325 4478 347 4528 vi
365 4481 516 4543 comparativa
534 4482 658 4545 paniculae
682 4491 757 4549 atqua
774 4481 820 4530 ulio
838 4481 887 4532 loco
905 4485 992 4542 aiam·
