3188 5252
649 282 710 345 125
795 375 798 383 ,

89 447 245 516 minatum
267 475 317 516 ooo
336 459 446 532 (mque)
469 455 566 516 efficit.
621 454 681 517 Sed
705 447 796 538 quum
827 455 879 515 illa
908 453 1025 516 dicendi
1046 457 1143 534 figura
1164 479 1233 520 raro

90 563 178 643 apud
201 562 339 625 Tacitum
359 566 534 645 reperiatur,
558 565 632 625 haec
655 564 834 625 creberrima
857 572 913 626 est.
970 564 1059 641 Quod
1081 545 1232 646 erplioau·
1331 571 1333 578 '

90 669 169 728 dum
192 667 270 728 duco
301 689 340 729 ex
373 668 587 732 consuetudine
610 668 749 729 Tacitina
777 689 814 729 ea
845 688 923 751 quae
956 669 1012 730 sibi
1042 681 1232 750 opponantur

90 778 206 837 aeriter
228 783 260 835 ct
281 775 408 856 abrupte
429 774 635 858 proloquendi.
689 775 768 836 Nam
790 793 849 856 quo
871 775 1003 837 severius
1032 777 1159 839 alterum
1181 797 1231 838 ne·

89 883 233 964 garenis,
264 903 300 945 so
322 885 430 944 clarius
453 884 614 946 extolletur
645 885 773 945 alterum
804 883 885 965 quod
913 884 1082 946 affirmabis.
1137 886 1232 966 Atqui

89 1000 188 1068 negat
209 1011 320 1052 croceo
338 989 452 1072 pariter
475 992 549 1053 duas
570 1000 688 1072 partes,
712 1003 796 1072 {quae
818 1011 910 1053 unum
933 998 1023 1072 atque
1045 999 1141 1052 totum
1163 1013 1231 1052 con-

91 1101 245 1177 formant3
285 1120 357 1178 ergo
378 1101 485 1162 lortius
508 1111 554 1162 ost
575 1111 665 1183 qu'am
686 1102 815 1181 simplex
842 1123 905 1178 oco,
936 1103 1091 1182 quoniam,
1127 1103 1154 1161 si
1175 1100 1231 1162 hoc

92 1205 198 1285 ponis,
221 1204 306 1265 deest
328 1208 409 1267 notio
431 1206 609 1283 generalior,
632 1226 709 1288 quae
732 1206 818 1267 ambo
842 1205 975 1266 membra
997 1207 1228 1286 complectatur;

89 1333 186 1394 porro
207 1315 352 1393 majorem
375 1316 435 1375 vim
458 1315 588 1390 exhibet,
621 1335 711 1396 quam
734 1316 759 1376 si
780 1315 846 1376 loco
872 1315 996 1375 duarum
1018 1317 1149 1394 partium
1171 1335 1231 1376 una

90 1430 211 1483 tantum
234 1434 325 1504 atque
346 1425 686 1503 generaliorponeretur
708 1423 788 1484 notio
801 1432 830 1483 et
849 1434 1015 1501 negaretur,
1039 1443 1107 1482 nam
1120 1431 1230 1484 utrum·

91 1547 154 1608 qus
176 1528 342 1589 membrum
365 1528 537 1614 singillatim
560 1529 599 1589 ad
624 1529 754 1589 animum
777 1527 908 1592 adducit.
932 1527 972 1587 Et
994 1528 1064 1588 licet
1085 1527 1126 1603 id,
1149 1528 1230 1610 quod

92 1635 267 1712 oppositum
291 1643 345 1709 est,
367 1653 426 1694 non
450 1635 489 1693 sit
510 1634 593 1709 clare
612 1642 642 1695 et
663 1635 821 1715 perspicue
843 1632 1022 1708 indicatum,
1055 1640 1157 1693 tamen
1178 1641 1231 1718 aut

95 1742 172 1801 latet
192 1743 224 1802 iu
247 1743 283 1801 iis
306 1763 383 1823 quae
407 1742 595 1824 praecedunt¹
612 1743 663 1803 vel
680 1726 866 1824 sequuntur,
904 1750 955 1802 aut
982 1743 1048 1822 ipsa
1070 1743 1230 1818 negatione

94 1848 125 1906 in
150 1848 249 1906 animo
272 1850 401 1908 nascitur
425 1856 456 1908 et
479 1847 605 1928 prosilit.
652 1848 823 1909 Fierienim
847 1847 924 1909 solet
939 1847 1229 1925 iumentehumana,

91 1963 127 2014 ut
150 1953 183 2014 id
205 1955 286 2035 quod
306 1964 442 2035 negetur,
466 1957 565 2016 statim
588 1951 701 2016 oscitet
721 1957 934 2032 cogitationem
951 1954 988 2014 ds
1012 1974 1047 2016 eo
1070 1953 1230 2036 quodoon·
1302 2023 1306 2032 ¹

90 2063 219 2122 trurium
243 2061 302 2121 est.¹
348 2063 450 2144 Atque
479 2064 509 2123 in
535 2062 639 2140 lingua
666 2064 761 2126 latina
783 2063 902 2125 'nullum
933 2069 1032 2124 exstat
1062 2061 1229 2122 evidentius

89 2170 182 2249 hujus
205 2171 250 2231 rei
273 2171 460 2251 exemplum,
493 2191 582 2250 quam
610 2171 705 2248 figura
736 2171 856 2233 dicendi·
876 2191 952 2252 quas
974 2171 1073 2231 litotes
1095 2178 1229 2232 vocatur.

92 2277 198 2338 Veluti
220 2278 246 2336 si
269 2277 334 2338 dico
357 2301 412 2340 ooo
427 2283 574 2352 immemor,
596 2278 627 2338 id
651 2280 835 2339 enuntiatum
858 2280 1080 2339 accuratissime
1101 2297 1228 2360 perpen-

92 2402 160 2444 sum
181 2383 303 2443 minime
325 2385 355 2444 id
378 2385 535 2462 significat,
558 2382 638 2465 quod
661 2382 860 2460 significatum
882 2383 947 2444 vult
968 2383 1138 2461 Romanus,
1174 2381 1228 2442 sed

91 2497 126 2547 ut
148 2487 298 2567 oppositio
319 2489 443 2568 cogitari
465 2495 565 2568 potest
587 2489 677 2548 etiam
700 2491 817 2563 impiger
837 2487 888 2546 vel
909 2487 989 2547 aliud
1004 2486 1085 2568 quid,
1108 2487 1227 2546 omnino

94 2615 182 2656 omne
203 2595 235 2656 id
258 2596 340 2676 quod
361 2598 517 2661 enuntiato
539 2599 677 2658 immemor
699 2616 775 2656 non
796 2594 956 2656 indicatur.
1000 2595 1153 2654 Romanus
1176 2614 1227 2654 au-

91 2713 154 2764 tem
176 2712 274 2764 -ut
306 2701 469 2781 logicorum
500 2704 751 2784 appellat-ionibus
782 2710 851 2764 utar
877 2737 908 2748 -
939 2722 1001 2764 uon
1031 2701 1228 2764 contradicto·

93 2813 180 2886 rium,
202 2797 256 2872 ssd
278 2813 455 2872 contrarium
479 2814 612 2892 respicit3
649 2813 769 2892 negatio
800 2813 953 2891 geminata
981 2813 1008 2870 ei
1042 2819 1158 2870 tantum
1188 2811 1226 2870 ud

95 2919 305 2980 intendendam
329 2929 359 2982 et
379 2920 542 2981 acuendam
566 2923 718 2982 notionem
740 2921 821 2996 facit,
845 2931 875 2982 ct
888 2921 1029 3000 intelligit
1040 2914 1226 2982 enuntiatum

97 3050 151 3088 noc
171 3032 308 3090 imoromor
329 3038 471 3112 tanquam
493 3034 577 3090 valde
597 3051 706 3094 memor.
730 3063 772 3074 -

179 3138 403 3202 Attendendum
426 3141 554 3220 primum
576 3149 622 3199 est
643 3139 682 3199 ad
704 3138 838 3199 diversas
860 3138 988 3199 formas:
1011 3160 1121 3200 ceo-ceo
1142 3145 1228 3198 stoc·

95 3267 250 3324 qoemeque,
272 3267 396 3328 quarum
419 3249 567 3327 posterior
581 3266 672 3327 quum
693 3248 723 3306 in
745 3246 883 3307 omnibus
905 3246 1002 3307 Taciti
1025 3248 1143 3327 seriptis
1164 3254 1226 3305 tum

95 3359 223 3416 maxims
244 3358 274 3416 in
296 3357 453 3417 annalibus
485 3359 584 3436 priore
615 3354 799 3438 frequentius
830 3356 980 3416 iuvenitur
991 3353 1020 3438 ¹).
1076 3355 1227 3414 Differunt

74 3446 165 3524 ’vero
189 3464 294 3524 eodem
316 3465 419 3539 modo,
450 3474 484 3525 ut
512 3465 636 3527 voculae
657 3487 707 3524 uec
727 3471 757 3524 et
778 3484 864 3540 oeque
893 3462 985 3524 semel
1005 3463 1137 3542 positas,
1170 3462 1227 3522 nisi

94 3573 174 3655 quod
197 3573 235 3633 de
257 3576 385 3634 transitu
410 3574 592 3650 designando
615 3575 791 3656 plerumque
813 3574 931 3633 omnino
954 3592 1012 3632 non
1035 3570 1225 3649 cogitandum

95 3692 150 3756 est,
173 3682 228 3742 sed
248 3683 409 3761 plurimum
431 3680 608 3742 discriminis
636 3684 668 3742 in
690 3701 814 3743 numero
836 3681 995 3742 uerborum
1024 3687 1055 3738 et
1076 3680 1225 3760 euphonia

93 3792 165 3872 poni
188 3790 287 3851 debet.
340 3787 439 3872 Atque
469 3790 616 3852 duriorem
646 3809 711 3850 csse
735 3800 766 3851 et
796 3790 976 3850 severiorem
1002 3790 1224 3859 commissuram

94 3919 150 3979 per
171 3921 281 3959 oce-ccc
303 3906 414 3959 tactam
435 3899 598 3959 clarissime
620 3899 660 3958 iis
669 3905 796 3978 apparet
818 3897 900 3970 locis,
923 3895 1030 3977 quibus
1041 3915 1224 3976 componun·

94 4013 145 4067 tur
166 4006 314 4066 vocabula
336 4005 375 4066 ab
398 4003 501 4063 eadem
525 4015 706 4066 consonante
733 4005 920 4086 incipientia,
957 4002 1038 4084 quod
1069 4021 1129 4062 non
1158 4021 1224 4062 raro

92 4115 243 4174 invenias:
266 4115 345 4174 Hist.
369 4107 391 4187 l,
415 4115 453 4172 9:
476 4133 525 4172 ceo
546 4115 812 4175 pitinanatium.
859 4115 918 4173 16:
940 4111 989 4172 coc
1009 4121 1094 4171 totum
1112 4113 1225 4169 amodo-

169 4356 194 4424 l)
214 4359 262 4418 Quo
281 4359 304 4410 ic
323 4371 348 4409 re
373 4358 464 4411 Tacitus
488 4373 515 4411 ao
533 4359 641 4424 Vergilius
668 4357 813 4410 diversissimi
842 4364 903 4408 sunt.
941 4356 974 4406 Cf.
992 4355 1099 4418 Wagneri
1129 4363 1225 4420 quaesit.

92 4450 157 4516 larg.
175 4466 226 4516 pag.
245 4452 305 4503 ost.
733 4457 735 4464 '
