3196 5270
910 329 951 386 22

367 494 455 556 liceat
476 495 598 574 proprie
620 502 681 558 tam
706 496 825 558 demum
848 499 1024 572 tractanda,
1053 518 1143 579 quum
1168 497 1206 557 de
1225 496 1434 574 conjunctione
1457 518 1509 574 qus

368 610 483 680 agetur.
528 599 590 660 Sed
613 619 652 660 ex
675 605 862 684 omniparis
886 605 1129 684 hucpertinent.
1173 573 1251 665 Aisa.
1262 602 1352 677 XIII,
1365 604 1405 662 47
1434 603 1508 663 haec

367 708 513 789 legimus:
543 715 717 784 suspectabat
744 715 862 770 mammo
890 712 1045 772 Cornelicau
1067 715 1186 784 Sullam,
1208 733 1300 770 socors
1319 714 1457 784 iuyeuisau
1478 715 1509 768 ia

367 820 536 876 eontrmium
564 821 675 876 tauteus
705 823 905 893 callidumque
926 832 951 878 et
971 823 1158 878 simulatorem
1183 821 1401 890 iuterpretarsdo.
1446 815 1509 876 Vix

368 925 505 1005 cuiquam
529 923 653 983 dubium
675 941 741 984 esse
769 932 885 1004 potest,
916 925 987 1005 quin
1016 921 1128 983 verba:
1156 926 1291 982 callidum
1312 957 1354 968 ω
1375 927 1509 1001 iuterpre-

367 1037 455 1092 taudo
476 1050 513 1090 ea
532 1051 609 1112 quae
632 1029 813 1091 antecedunt
835 1031 924 1090 altius
948 1027 1119 1108 expediant.
1164 1027 1261 1104 Quum
1284 1029 1438 1089 autemid
1458 1030 1510 1089 ab·

369 1137 464 1195 lativo
487 1137 538 1217 qni
561 1145 607 1196 est
628 1142 836 1214 interpretando
857 1139 932 1198 satis
958 1137 1022 1214 jam
1046 1133 1207 1207 iudicetur,
1240 1134 1338 1196 elucet
1370 1136 1511 1197 voculam

369 1265 422 1318 que
442 1243 532 1322 plane
555 1261 622 1302 esse
650 1245 888 1326 superadditam.
945 1239 1035 1317 Quod
1069 1247 1169 1300 tamen
1199 1249 1233 1301 nt
1261 1262 1327 1303 eam
1356 1244 1512 1322 ejiciamus

279 1433 280 1438 η
369 1350 451 1411 ιιιιΙΙο
476 1357 564 1430 pacto
587 1369 640 1410 uos
663 1352 795 1414 adducit.
840 1351 902 1412 Sed
926 1349 1024 1410 denuo
1047 1346 1244 1425 intelligitur,
1267 1369 1356 1430 quam
1372 1350 1514 1411 lateser-

369 1457 465 1538 puerit
494 1457 625 1517 studium
657 1457 840 1519 dissolvendi
872 1453 1023 1537 periodos.
1081 1452 1183 1534 Atque
1212 1454 1260 1514 hic
1293 1455 1376 1516 loeus
1407 1477 1513 1518 ansam

370 1563 443 1624 mihi
464 1563 609 1643 praebeat
631 1563 670 1624 ad
692 1564 903 1644 explicandum
933 1560 1024 1619 alium
1056 1560 1108 1640 qui
1136 1560 1285 1622 invenitur
1321 1565 1399 1626 Anu.
1421 1566 1512 1638 XIV,

371 1673 430 1732 16:
453 1675 535 1730 etiam
564 1673 719 1746 sopierstiao
749 1670 905 1729 doctoribus
936 1679 1042 1742 tempus
1070 1670 1241 1741 impertiebat
1263 1683 1329 1746 poet
1350 1678 1448 1748 epulae
1468 1688 1512 1734 ut-

370 1800 436 1855 que
457 1763 600 1839 sacroue
620 1781 841 1837 adseverantium
863 1777 1006 1834 discordia
1016 1779 1169 1848 flueretsa.
1215 1775 1414 1858 Nipperdejus
1429 1781 1512 1858 dicit,

370 1885 425 1946 has
448 1886 613 1944 sententias
637 1884 674 1944 de
698 1903 734 1944 ea
757 1901 864 1942 caussa
885 1899 940 1959 per
961 1899 1013 1954 quo
1035 1881 1192 1957 conjungi,
1222 1886 1293 1963 quia
1323 1897 1353 1945 et
1378 1889 1408 1946 in
1437 1895 1514 1948 tem-

370 2012 444 2073 pore
467 2001 498 2052 et
519 1994 549 2052 in
571 1992 695 2052 consilio
717 1989 798 2071 quod
827 1989 865 2060 de
888 1985 1074 2067 philosophis
1106 1985 1211 2046 habuit
1236 1990 1318 2050 Nero
1349 2002 1429 2053 esset
1460 1995 1513 2055 ali-

372 2102 443 2184 quid
466 2101 547 2184 quod
568 2102 808 2181 vituperaretur,
831 2095 943 2177 quippe
965 2113 1055 2174 quum
1080 2105 1150 2172 post
1179 2096 1284 2174 epulas
1307 2098 1514 2182 philosophari

371 2211 451 2290 potis
474 2229 533 2268 nou
556 2207 676 2282 fuisset3
698 2213 789 2284 atque
811 2221 928 2264 comma
950 2202 1050 2281 posuit
1072 2209 1142 2280 post
1161 2205 1341 2278 impertiebat.
1376 2207 1437 2268 Sed
1452 2209 1513 2270 fru-

372 2327 435 2378 stra
457 2311 604 2376 consumit
626 2331 758 2393 operam.
802 2309 882 2369 Nam
907 2327 974 2402 *non
1002 2307 1078 2368 duee
1105 2329 1153 2368 res
1181 2320 1373 2394 spectantur,
1406 2333 1513 2376 verum

371 2443 431 2483 una
452 2431 583 2497 tantum3
605 2429 636 2480 at
657 2420 764 2479 mirum
786 2417 844 2476 fuit
865 2424 983 2495 tempus
1005 2416 1254 2496 philosophandi3
1289 2421 1392 2502 itaque
1416 2424 1513 2503 expli-

372 2532 490 2590 catione
513 2548 589 2609 opns
612 2533 685 2588 erat.
730 2524 868 2604 Apparet
889 2530 1008 2598 autem,
1044 2523 1199 2584 fortiorem
1232 2545 1298 2586 eam
1320 2531 1465 2606 existere,
1484 2532 1515 2596 si

372 2644 501 2716 ponatur
533 2635 682 2695 sententia
715 2630 869 2711 explicans
899 2638 932 2690 ut
960 2650 1016 2712 per
1048 2651 1082 2692 se
1107 2634 1174 2712 ipsa
1200 2633 1301 2710 gravis
1330 2653 1364 2694 ac
1383 2655 1453 2716 ¹cum
1475 2639 1514 2698 iis

373 2762 450 2824 quae
471 2740 656 2822 praecedunt
677 2758 716 2798 ex
739 2757 835 2818 aeque
858 2738 1073 2817 conjungatur,
1096 2760 1186 2820 quam
1209 2742 1235 2800 si
1257 2760 1296 2800 ex
1319 2743 1435 2803 ratione
1458 2763 1515 2804 sua

373 2846 582 2925 subjungatur.
641 2843 745 2904 Simile
782 2842 855 2924 quid
898 2863 953 2904 nos
988 2844 1181 2922 designamus
1214 2847 1385 2908 enuntiato:
1419 2845 1514 2910 demit

374 2953 511 3015 nimlich.

460 3096 522 3158 Sed
544 3093 583 3156 ad
604 3091 781 3176 particulam
811 3106 837 3153 et
858 3092 1026 3154 redeamus.
1076 3093 1289 3174 Reputaudum
1322 3105 1384 3173 est,
1414 3119 1514 3162 nonne

374 3205 465 3264 etiam
485 3203 583 3263 locum
606 3202 686 3262 Hist.
708 3203 731 3276 Ι,
755 3201 795 3263 85
819 3203 861 3260 sic
883 3199 1217 3281 possimus‘explanere
1247 3205 1277 3264 iu
1306 3226 1365 3293 quo
1391 3218 1514 3288 praeter

374 3313 449 3372 alios
470 3312 652 3372 vetustiores
674 3309 836 3371 haeserunt
857 3309 949 3369 etiam
971 3307 1172 3370 Doederlinus
1188 3321 1219 3371 et
1233 3312 1382 3375 Haaseus.
1412 3317 1515 3376 Verba

373 3425 461 3478 sunt:
490 3439 545 3478 aaa
565 3429 656 3479 tamea
688 3422 765 3494 quies
794 3421 870 3476 ardre
903 3421 1043 3492 redierat,·
1075 3423 1205 3495 drudus
1232 3425 1347 3481 telorum
1378 3435 1405 3482 ct
1419 3429 1514 3500 socies

373 3508 439 3584 belli
459 3537 492 3584 et
513 3529 644 3584 mutilibus
672 3537 702 3584 ut
723 3529 793 3584 ualuit
814 3529 844 3584 in
865 3546 1003 3585 cmuuuue
1031 3529 1203 3584 tutantibus
1208 3572 1218 3601 ‚
1254 3531 1297 3586 ita
1324 3534 1433 3605 moras
1460 3554 1515 3608 per

374 3639 468 3693 dunos
488 3637 593 3694 occulto
621 3636 716 3691 lubitu
739 3645 765 3691 et
785 3636 910 3707 malique
940 3652 1009 3691 cura
1042 3634 1073 3688 ia
1099 3653 1204 3706 omues,
1227 3655 1294 3709 quos
1315 3641 1445 3697 nobilitas
1467 3651 1516 3698 aut

373 3763 437 3817 opes
462 3753 510 3801 aut
532 3745 631 3816 aliqua
650 3743 766 3814 iasipais
787 3743 926 3798 olardudo
947 3743 1101 3798 rumoribus
1122 3743 1264 3812 objecerat.
1308 3743 1418 3820 Agitur
1434 3747 1515 3806 enim

374 3845 411 3904 de
434 3846 486 3905 illo
508 3857 547 3921 et,
570 3845 651 3926 quod
675 3853 744 3904 ante
765 3849 897 3904 militibus
917 3842 1014 3905 locum
1036 3844 1137 3906 habet.
1190 3846 1374 3908 Puteolanus
1397 3852 1517 3930 scripsit

373 3966 452 4028 erat,·
476 3954 656 4016 Rhenanus:
683 3975 737 4014 uou
758 3966 849 4013 tamea
870 3956 947 4028 quies
967 3957 1050 4012 urbi.
1066 3958 1116 4013 aed
1137 3965 1198 4012 erat
1213 3961 1343 4032 strepitus
1360 3963 1475 4018 telorum
1491 3972 1517 4019 et

366 4065 462 4137 socies
483 4065 560 4135 tolli·
598 4074 623 4120 ot
648 4065 779 4121 militibus
809 4073 856 4120 cet.
902 4060 1023 4139 Lipsius
1046 4059 1205 4119 Puteolani
1238 4061 1396 4121 lectionem
1431 4065 1516 4122 resti·

372 4169 446 4240 tuit3
467 4166 641 4227 Waltherus
663 4179 750 4250 putat
771 4175 899 4230 streete
921 4166 1049 4241 habere,
1079 4165 1133 4226 sed
1156 4165 1292 4227 additum
1316 4177 1349 4229 nt
1370 4169 1516 4230 indicare·

373 4281 422 4333 tar
451 4273 545 4334 verba
576 4279 707 4335 melmae
740 4286 796 4336 cet.
828 4295 887 4336 non
911 4294 928 4335 e
950 4275 1096 4353 proximis
1122 4273 1224 4334 verbis
1259 4274 1391 4354 pendere
1422 4276 1517 4337 sede

373 4380 538 4462 prioribus;
570 4381 699 4462 denique
727 4380 926 4441 Doederlinus
950 4389 979 4440 ot
1001 4382 1141 4442 Haaseus
1172 4381 1333 4442 molestum
1354 4382 1428 4443 illud
1452 4396 1517 4443 ete

373 4485 471 4554 medio
494 4487 686 4552 sustulerunt.
745 4488 840 4553 Nebis
871 4507 941 4552 vero
971 4489 1076 4551 mirum
1107 4487 1246 4572 proiecto
1271 4489 1405 4573 videtur,
1434 4491 1518 4575 quod
