3196 5270
826 313 867 371 48

277 483 424 538 cacanum
444 484 563 553 penitam
578 485 741 556 etpalatum
762 487 879 542 boream
901 487 969 542 daci
988 495 1125 558 ereptam·
1147 483 1175 542 lr.
1192 502 1219 543 e.
1235 481 1420 562 expugnatio

249 635 252 644 .
277 585 412 646 Viertiae
434 589 537 664 magni
559 590 703 648 momenti
724 589 761 648 iis
783 598 862 662 erat,
885 588 981 668 quod,
1004 593 1156 649 Caecina
1175 595 1229 648 ibt
1249 601 1344 662 nata,
1366 607 1422 666 pa·

278 695 366 753 triam
390 693 521 755 hostium
545 695 615 756 duci
638 688 831 775 eripuissent.

364 800 444 864 Ann.
468 801 556 877 XIV,
579 804 639 862 47:
674 811 746 864 adea
766 817 797 862 at
818 809 893 864 Nero
915 825 997 879 ceper
1016 809 1175 864 veteratae
1196 817 1221 863 et
1243 807 1425 862 caelatam

276 911 387 982 maan,
409 912 459 982 aar·
471 915 559 982 finem
580 913 697 984 r'mperia
719 916 816 969 adesce
837 915 975 985 damant,
996 915 1023 969 ri
1040 916 1110 986 qaid
1125 918 1194 984 sato
1211 923 1365 986 pataetar,
1379 930 1424 968 re·

277 1019 421 1088 aparuerit
442 1021 542 1076 babere
562 1023 715 1077 abaciam
735 1023 942 1093 rempublicam.
988 1017 1021 1077 Si
1043 1018 1127 1078 Nero
1149 1038 1210 1078 non
1234 1016 1423 1094 aegrotabat,

279 1121 370 1180 etiarn
392 1123 443 1201 qui
465 1123 696 1185 circumstabant
718 1143 779 1183 non
801 1125 843 1184 sic
865 1122 979 1183 adulari
1001 1131 1152 1203 poterant.

367 1228 447 1288 Ann.
467 1229 537 1302 XV,
561 1232 617 1291 38:
640 1244 666 1290 et
687 1235 755 1306 qaia
777 1236 831 1290 atie·
845 1235 947 1306 palam
967 1237 1049 1301 facee
1066 1235 1214 1305 tumebant,
1238 1242 1347 1304 atque
1367 1251 1425 1289 eece

278 1339 334 1394 etta·
354 1348 492 1394 auctorem
512 1341 755 1411 aoa'serabantar5
776 1358 837 1397 non
859 1339 944 1417 prius
967 1337 1022 1398 sed
1045 1338 1173 1398 alterum·
1198 1356 1324 1397 caussae
1347 1344 1423 1417 erat,

280 1463 333 1502 cur
353 1445 539 1522 restinguere
562 1445 663 1523 ignem
686 1467 747 1506 non
769 1445 925 1505 auderent.
969 1443 1018 1506 Ol.
1040 1445 1120 1507 Ann.
1136 1445 1194 1519 ΠΙ,
1211 1449 1249 1506 1:
1273 1449 1330 1503 nias·
1349 1449 1426 1518 qaod

281 1553 439 1609 coecitatem
460 1555 638 1626 Apnppinae
658 1557 740 1626 tanao
769 1573 895 1611 maerere
920 1555 991 1623 ferei
1017 1556 1116 1611 abuit
1145 1565 1175 1611 et
1205 1563 1370 1611 recenter
1395 1554 1427 1606 a‘n

281 1661 378 1716 dolore
399 1661 547 1718 anteibant.
591 1658 688 1733 XIII,
713 1661 770 1718 32:
800 1663 956 1734 Pomponia
988 1663 1131 1718 Graeciae
1163 1662 1280 1732 imipaie
1304 1662 1425 1731 semina,

282 1768 397 1824 Plaate'o
420 1799 460 1810 —-
483 1778 572 1842 napta
592 1788 630 1825 ac
650 1770 853 1841 eaperaa'ta'anie
874 1778 1001 1825 cateraae
1022 1787 1090 1840 rea,
1112 1769 1208 1824 mariti
1222 1769 1335 1838 judicio
1363 1786 1426 1840 per-

282 1876 375 1932 me'eea.
419 1873 505 1948 XVI,
529 1875 562 1934 5:
586 1881 654 1933 dean
669 1896 726 1949 per
747 1879 890 1950 anpaetlae
917 1879 1012 1933 aditae
1040 1887 1073 1933 et
1104 1879 1272 1948 inarmastern
1304 1878 1426 1933 malte'ta·

283 1966 376 2039 dinem
396 1984 540 2039 mamaea

370 2084 462 2145 Addo
485 2085 560 2146 duos
583 2087 665 2145 locos
687 2087 717 2146 in
740 2086 849 2166 quibus
871 2085 998 2156 alterurn
1020 2086 1187 2147 membrum
1209 2087 1354 2164 majorem
1374 2085 1427 2143 ha·

284 2191 357 2251 bere
378 2194 558 2268 gravitatem
586 2195 677 2252 etiam
708 2201 833 2253 externo
867 2167 1043 2270 argumento
1073 2193 1295 2272 comprobatur.
1344 2192 1427 2251 Hist.

286 2298 347 2372 III,
371 2301 432 2358 81:
455 2304 577 2358 audiant
594 2305 789 2375 philosophiae
810 2314 836 2360 et
852 2306 966 2377 placita
987 2305 1142 2362 Stoicarum
1164 2305 1325 2360 aemulatae.
1366 2299 1427 2359 'l'e-

289 2425 395 2466 nemas
424 2424 550 2482 neugma
579 2407 745 2487 quoddam.
801 2409 881 2468 Nam
911 2409 1036 2469 verbum
1070 2413 1225 2468 aemalatm
1257 2408 1354 2467 solnm
1388 2405 1428 2466 ad

282 2519 394 2590 placita
414 2519 569 2576 Stenarum
591 2517 711 2576 videtur
734 2516 1008 2591 accommodatum,
1032 2525 1063 2577 et
1085 2518 1156 2597 quia
1179 2516 1218 2576 ad
1232 2516 1284 2574 illa
1297 2515 1429 2574 maxime

287 2623 451 2696 attinebat,
473 2623 531 2682 huc
552 2625 663 2683 flexum
687 2632 747 2698 est,
777 2625 885 2703 prioris
914 2624 1039 2684 membri
1073 2624 1191 2683 ratione
1226 2641 1285 2681 non
1315 2621 1430 2685 habita.

237 2719 243 2728 ¹
286 2728 368 2788 Hirr.
389 2729 445 2809 IV,
469 2732 525 2788 29:
548 2735 651 2806 qaeppe
671 2735 795 2805 ipsoram
815 2736 872 2790 tela
890 2752 944 2806 per
965 2736 1091 2790 tenebrae
1110 2753 1203 2790 vana:
1223 2733 1347 2789 Rolnam
1366 2749 1429 2788 con-

286 2840 412 2910 spicuam
433 2842 615 2896 barbararum
636 2842 723 2896 aciem
744 2851 779 2898 ct
799 2843 826 2896 ei
845 2843 908 2912 qaia
935 2842 1060 2896 andana
1088 2850 1137 2897 aat
1169 2841 1320 2910 lneipnilnm
1352 2840 1429 2910 efful-
1473 2865 1478 2873 ·
1568 2843 1569 2850 ’

170 2991 173 3000 .
286 2963 369 3017 aeae,
393 2949 433 3000 aa
452 2947 535 3002 ictam
557 2948 740 3002 deminutam.
785 2943 867 3004 Nihil
890 2943 984 3003 refert
1005 2951 1104 3003 utrum
1127 2942 1291 3002 scribamus
1322 2945 1430 3016 conept-

287 3071 382 3124 caam,
406 3070 443 3108 an
466 3069 534 3109 curn
556 3051 690 3132 Heraea,
709 3073 764 3127 per
786 3056 968 3126 comptonam.
1015 3051 1115 3112 Cardo
1138 3070 1237 3112 reram
1259 3051 1291 3109 in
1300 3053 1351 3110 §o
1374 3055 1430 3123 est,

288 3155 368 3236 quod
390 3156 430 3216 ad
450 3161 625 3231 complanant
644 3163 826 3218 barbarorum
846 3163 933 3218 aciem
951 3158 1158 3237 praedicatum
1180 3157 1256 3217 latet
1277 3159 1308 3216 in
1327 3156 1429 3216 verbis

288 3270 329 3324 acl
349 3269 432 3323 ictam
454 3269 647 3340 destinabant,
669 3265 750 3346 quod
773 3265 837 3326 sere
860 3267 902 3324 sic
924 3286 943 3325 a
965 3267 1073 3325 Tacito
1096 3266 1260 3344 cogitatum
1281 3265 1336 3323 sit:
1369 3265 1430 3325 Ro·

287 3373 369 3432 mani
390 3372 585 3432 barbarorum
608 3372 702 3431 aciem
731 3375 922 3453 conspicuam
957 3370 1116 3434 habebant.
1173 3373 1260 3449 Quae
1291 3392 1359 3432 cum
1388 3373 1432 3430 ita

288 3487 390 3540 essent
411 3483 495 3558 (nam
524 3481 566 3539 sic
596 3481 756 3557 cogitando
795 3481 1019 3559 procedendum
1042 3479 1119 3558 est),
1153 3480 1243 3540 facile
1275 3487 1315 3538 aa
1348 3484 1432 3538 letrau

288 3592 428 3648 destinare
451 3594 612 3666 poterant,
636 3587 749 3666 siquis
773 3587 935 3649 eminebat.
990 3587 1028 3647 Id
1051 3606 1123 3647 vero
1145 3588 1189 3646 ita
1210 3586 1303 3646 fiebat
1326 3585 1431 3668 (atque

287 3695 363 3756 haec
392 3703 439 3757 est
469 3695 565 3754 altera
589 3692 800 3776 brachylogia)
829 3703 864 3754 ut
893 3702 945 3754 aut
975 3695 1132 3754 audaciam
1166 3713 1200 3753 ac
1232 3696 1430 3754 temeritatem

289 3801 464 3862 assultando
488 3809 670 3875 ostentaret,
694 3809 747 3861 aut
768 3807 912 3877 effametm
942 3800 1109 3880 insignibus
1139 3820 1174 3860 ac
1205 3801 1363 3880 splendida
1385 3821 1432 3860 ar·

289 3918 416 3970 matura.
460 3910 517 3970 Est
538 3911 630 3986 igitur
661 3911 744 3988 prior
774 3912 922 3970 sententia
955 3911 1124 3987 generalior
1156 3917 1275 3969 tantum
1301 3917 1433 3989 atquae

291 4015 478 4076 adulteram
500 4014 707 4076 illustrandam
730 4017 961 4095 praemittatur,
991 4018 1022 4076 in
1053 4037 1114 4096 qua
1144 4037 1235 4096 quum
1263 4017 1364 4095 posita
1393 4019 1433 4075 ait

291 4124 422 4183 maxima
446 4125 511 4197 vis,
534 4125 741 4204 praedicatum
763 4143 885 4203 prorsas
908 4127 1042 4184 attraxit.

377 4229 450 4290 Jam
473 4231 659 4310 explicatur,
689 4232 837 4312 quomodo
860 4233 925 4292 fieri
954 4235 1055 4313 possit,
1079 4240 1112 4292 ut
1145 4232 1226 4290 notio
1257 4231 1296 4291 ad
1325 4230 1433 4290 consti·

293 4337 435 4397 tuendam
466 4338 592 4398 alteram
621 4341 792 4401 necessaria
826 4341 914 4400 etiam
946 4347 1163 4421 postponatur,
1199 4339 1311 4418 quippe
1341 4359 1431 4418 quum

293 4446 436 4526 propriae
461 4446 618 4522 gravitatis
648 4467 754 4525 parum
785 4449 903 4510 habeat.
955 4450 1035 4509 Hist.
1058 4450 1113 4522 lV,
1138 4449 1194 4508 62:
1230 4451 1331 4521 qaeppe
1358 4451 1434 4506 intra
