3188 5252
871 314 932 376 132

326 505 438 564 genera
460 489 651 549 attendamus
663 506 738 569 opus
751 494 806 549 est.
843 487 976 548 Primum
993 487 1017 547 si
1034 493 1154 547 exstant
1168 486 1237 567 plus
1253 485 1312 547 duo
1326 482 1472 559 membre,
1529 517 1532 524 .

327 605 494 658 extremum
517 617 572 676 per
594 609 642 656 ant
663 598 706 657 ita
728 596 913 669 adnectitur,
946 603 980 657 nt
1014 597 1048 656 iis
1072 615 1149 676 quae
1171 595 1357 676 praecedunt
1379 593 1473 673 plane

327 725 384 784 par
406 708 453 779 sit,
476 723 575 786 neque
597 725 670 766 vero
696 705 755 765 duo
779 704 885 764 ultima
906 703 1041 764 membra
1063 705 1092 764 iu
1115 723 1207 764 unum
1231 703 1362 779 colligat.
1409 699 1474 759 ,Fa-

328 831 395 873 cere
418 833 477 874 non
502 831 660 892 possumus
682 813 753 893 quin
777 811 816 886 id,
839 813 864 870 si
887 812 969 888 leges
992 811 1142 888 cogitandi
1165 812 1345 890 premimus,
1369 809 1475 888 paullo

328 921 519 1001 indiligenter
542 921 652 982 dietum
676 941 742 981 esse
764 940 948 981 censeamus.
1004 914 1113 980 Verum
1145 927 1318 999 reputemus
1343 924 1475 998 oportet,

327 1035 448 1092 omnino
472 1033 592 1092 insitum
616 1051 681 1092 esse
704 1031 873 1091 hominibus
896 1032 1033 1090 ultimum
1065 1030 1209 1108 longioris
1241 1029 1348 1088 ductus
1381 1046 1475 1088 mem·

328 1141 412 1200 brum
444 1159 517 1200 voce
547 1140 714 1219 paullulum
750 1139 910 1216 extollere,
946 1138 1036 1218 idque
1068 1139 1180 1217 optime
1218 1136 1294 1197 effici
1325 1129 1475 1216 particula

328 1261 384 1318 aaa,
409 1251 520 1330 quippe
543 1269 619 1329 quae
642 1258 672 1309 et
694 1248 811 1308 fortiter
823 1248 975 1326 disjungat
998 1267 1053 1306 nec
1068 1268 1128 1307 non
1149 1267 1241 1327 saepe
1264 1246 1474 1324 gradationem

329 1356 457 1428 indicet;
491 1357 600 1416 deiude
631 1377 703 1416 vero
736 1357 893 1431 Tacitum,
928 1363 962 1415 ut
989 1363 1052 1416 erat
1085 1356 1233 1418 obnoxius
1265 1353 1475 1414 consuetudini

328 1464 503 1544 particulam
527 1464 739 1543 disjunctivam
760 1466 790 1524 in
814 1465 977 1523 enuntiatis
1001 1464 1152 1545 negativis
1176 1463 1360 1543 usurpandi,
1392 1460 1472 1520 facil-

328 1573 398 1633 lime
420 1574 457 1633 ad
482 1573 558 1634 hanc
580 1573 731 1633 licentiam
754 1573 902 1632 excedere
932 1573 1076 1652 potuisse.
1133 1573 1212 1634 Anu.
1236 1567 1289 1646 lll,
1314 1574 1369 1632 58:
1402 1593 1476 1630 nnnc

331 1688 412 1742 denna
433 1704 544 1742 munere
563 1695 697 1741 summam
714 1687 877 1757 pontificum
899 1687 982 1742 etiam
1003 1705 1136 1742 mmmnm
1159 1687 1296 1742 hominnm
1318 1702 1392 1754 esse,
1417 1703 1473 1740 non

331 1795 510 1850 aemulationi
530 1814 585 1851 non
606 1797 671 1851 odio
693 1804 742 1850 unt
761 1795 882 1866 priuatis
904 1796 1106 1866 adfectionibus
1128 1795 1279 1851 obnoxium.
1313 1789 1398 1862 XlV,
1414 1788 1472 1847 15:

330 1919 384 1956 aon
406 1901 536 1958 nobilitas
558 1902 688 1972 cuiqnam
709 1918 763 1956 non
786 1909 864 1955 naas
887 1909 935 1954 ant
958 1901 1015 1954 acti
1036 1899 1360 1971 hancreeimpedimento.
1389 1893 1472 1952 Hiet.

331 2004 376 2080 11,
398 2007 455 2065 80:
478 2010 508 2064 in
529 2011 591 2080 ipso
612 2010 683 2064 ninii
704 2010 846 2080 tamisium,
870 2011 1019 2079 adrepens,
1043 2017 1092 2064 unt
1113 2009 1143 2062 in
1172 2010 1255 2064 rebus
1275 2008 1353 2064 aonia
1374 2021 1475 2062 nwum

329 2119 395 2186 satit.
440 2113 553 2174 Ultimo
577 2115 642 2174 loco
666 2117 814 2174 cernimus
838 2113 1046 2192 gradationem
1072 2112 1269 2196 puberhaupt).
1295 2148 1331 2156 -

417 2223 496 2283 'Pam'
518 2243 589 2282 vero
613 2223 904 2283 commemorandum
928 2232 987 2298 est,
1022 2235 1071 2282 ant
1099 2225 1127 2282 in
1154 2225 1307 2282 enuntiato
1331 2222 1476 2298 negativo

329 2317 478 2395 mendum
503 2332 714 2410 disjunctivam
738 2336 798 2392 vim
820 2334 862 2393 ita
885 2335 1040 2411 amisisse,
1076 2341 1109 2392 ut
1137 2334 1215 2392 iuter
1241 2333 1323 2411 ipsas
1346 2349 1398 2391 aas
1422 2352 1476 2391 no·

332 2447 428 2503 tiones
452 2443 548 2502 locum
573 2442 692 2514 habeat,
716 2461 793 2523 quae
816 2444 943 2502 arctiore
966 2442 1096 2522 quodam
1119 2461 1199 2501 nexu
1222 2441 1393 2500 cohaerent.
1425 2440 1476 2500 Sic

332 2551 396 2610 fieri
418 2560 553 2636 poterat,
585 2561 619 2609 ut
640 2549 699 2609 duo
732 2550 880 2610 vocabula
911 2551 1129 2627 conjungeret,
1163 2568 1240 2628 quae
1270 2547 1473 2628 hendiadyoiu

331 2657 509 2730 formabant,
533 2677 659 2738 quorum
683 2659 775 2734 igitur
797 2659 924 2717 alterum
947 2656 984 2717 ab
1007 2657 1101 2716 altero
1112 2659 1280 2717 accuratius
1303 2653 1474 2735 explicaba-

334 2776 382 2826 tur
391 2765 421 2849 1).
467 2764 565 2847 Atque
589 2765 686 2826 denuo
709 2765 884 2827 referendus
909 2774 955 2826 est
977 2766 1025 2825 hic
1048 2785 1111 2825 mos
1137 2766 1256 2826 dicendi
1279 2765 1318 2824 ad
1340 2765 1472 2825 studium

333 2874 435 2934 Nostri
464 2873 562 2932 omnia
585 2891 662 2952 quae
696 2873 944 2950 compositionem
973 2873 1168 2952 syntecticam
1193 2872 1348 2951 postulant
1368 2873 1399 2930 in
1422 2891 1474 2951 pa·

334 2981 503 3040 ratacticam
529 2983 693 3040 orationem
717 2979 916 3062 dissoluendi,
941 2981 1007 3054 vel,
1045 2988 1078 3040 ut
1101 2981 1267 3039 accuratius
1291 2979 1407 3053 dicam,
1441 2997 1477 3036 ea

321 3065 411 3150 *inter
443 3107 520 3169 quae
543 3091 618 3148 ratic
649 3090 809 3169 peculiaris
839 3088 999 3148 intercedit
1021 3089 1239 3168 simplicissimo
1269 3107 1303 3147 ac
1324 3090 1477 3166 incompto

335 3199 463 3280 quodam
488 3198 577 3258 modo
610 3198 820 3278 componendi.
865 3193 1025 3258 Videamus
1057 3198 1204 3277 exempla.
1256 3198 1337 3256 Hist.
1362 3193 1391 3272 l,
1416 3200 1476 3257 56:

334 3331 383 3368 nec
406 3313 534 3383 cuiqnam
555 3311 632 3366 ultra
653 3313 724 3382 rides
747 3319 795 3365 ant
817 3311 949 3366 memoria
974 3311 1082 3381 prioris
1113 3309 1294 3378 sacramenti,
1329 3311 1379 3364 sed
1400 3311 1476 3380 quod

335 3421 365 3475 in
385 3420 564 3476 seditionibus
586 3419 696 3489 condit,
718 3421 793 3472 ande
805 3419 903 3488 plnres
924 3427 1022 3490 erant,
1054 3417 1145 3473 amnes
1164 3421 1254 3486 snae.
1308 3413 1376 3488 Quo
1408 3413 1476 3472 loco

336 3544 395 3583 uno
420 3522 524 3583 obtutu
546 3523 733 3602 perspicitur,
758 3521 831 3580 duas
855 3522 992 3580 notiones
1016 3541 1070 3600 per
1093 3535 1141 3607 nat
1164 3521 1324 3594 distentas,
1358 3538 1478 3601 separa·

336 3635 388 3691 tim
413 3641 442 3692 et
464 3653 519 3712 per
542 3651 573 3690 ee
595 3634 675 3710 ipsas
698 3629 892 3703 nou‚valere,
917 3631 969 3690 sed
994 3641 1074 3690 arcte
1097 3631 1273 3704 cohaerere,
1308 3638 1337 3690 et
1360 3630 1477 3704 quidem

337 3741 433 3798 itaut
455 3735 537 3818 pri'or
560 3740 622 3799 sine
646 3741 741 3799 altera
763 3740 887 3817 cogitari
912 3759 969 3798 non
994 3741 1097 3818 possit.
1142 3740 1221 3800 Hist.
1247 3736 1267 3811 l,
1293 3742 1348 3798 12:
1377 3745 1479 3814 ponciis

334 3853 471 3922 indiciam
494 3860 542 3907 ant
562 3854 729 3924 reipublicae
752 3871 845 3923 amcr3
882 3853 962 3907 multi
992 3855 1077 3908 stelin
1099 3870 1156 3924 spe,
1175 3861 1261 3923 prout
1283 3852 1344 3923 qnia
1375 3853 1480 3908 amicus

336 3963 379 4018 cel
400 3963 492 4034 eliens,
515 3963 585 4017 lianc
606 3963 749 4018 velillum
771 3962 922 4017 ambitiosis
945 3961 1099 4018 rumoribus
1122 3962 1306 4018 destinabant.
1365 3957 1396 4016 Si
1430 3978 1480 4016 ac·

338 4077 439 4128 curate
461 4069 579 4127 insitam
602 4067 768 4147 particulae
802 4082 850 4126 aut
881 4067 1128 4146 significationem
1152 4067 1318 4146 sequimur,
1354 4067 1479 4127 dicitur:

338 4177 422 4236 alteri
444 4179 522 4256 parti
547 4194 708 4257 paucorum
728 4174 873 4254 judicium
898 4183 972 4251 erat,
996 4175 1082 4233 alteri
1096 4175 1278 4253 reipublicae
1294 4194 1394 4248 amor;
1420 4175 1480 4234 sui-

344 4372 626 4382 -n--u--u--u--a——o

413 4500 439 4562 1)
458 4501 492 4550 Ci.
511 4516 559 4564 cap.
578 4501 606 4549 ll.
