3188 5252
858 257 917 314 148

308 425 426 484 codices
449 427 628 484 conveniant
640 423 675 506 ¹).
721 425 838 486 Deinde
861 429 890 485 in
913 427 1045 487 bintoriia
1067 425 1113 486 bia
1135 425 1311 488 exhibetur:
1345 423 1380 498 II,
1407 429 1452 487 20

311 543 340 590 et
363 533 418 604 IV,
441 535 492 606 32,
515 533 644 612 donique
665 533 764 590 sexies
787 533 816 591 iu
844 533 1019 592 annalibus:
1057 526 1115 606 ΙΙΙ,
1140 532 1191 590 53.
1215 535 1265 592 73.
1294 533 1356 604 lV,
1396 533 1453 592 28.

313 640 360 713 Vl,
386 644 435 701 11.
457 641 548 712 XIII,
572 641 623 700 25.
647 640 756 711 XVII,
790 643 838 698 17.
898 642 1038 720 Namque
1069 642 1192 700 minime
1231 643 1267 701 iis
1308 643 1453 700 assentiri

318 767 455 827 possum,
488 750 539 828 qui
562 749 643 808 Hiet.
663 743 702 820 II,
727 750 767 808 20
790 759 819 806 et
843 744 926 808 Anu.
947 747 1051 828 xlut]
1084 755 1237 827 temptant
1263 749 1456 828 particulam,

314 855 451 917 nimirum
475 854 555 914 nulla
578 854 698 914 adducti
721 855 780 914 alia
801 874 918 928 caussa,
942 873 1030 934 quam
1055 853 1135 932 quod
1159 857 1330 935 ceteroquin
1361 867 1457 914 oman

315 965 371 1022 nisi
395 965 424 1020 in
448 961 630 1021 orationibus
654 961 774 1020 directis
805 962 854 1020 vel
885 960 1039 1020 indireetis
1070 980 1130 1019 non
1153 962 1283 1020 inveniri
1313 962 1369 1020 sibi
1393 965 1456 1020 visi

316 1079 386 1128 sunt
408 1069 601 1140 observasse,
633 1089 723 1146 quum
750 1071 839 1128 etiarn
863 1069 893 1126 in
915 1065 1079 1126 Germania
1100 1066 1143 1126 bis
1165 1068 1196 1126 iu
1219 1070 1391 1128 narratione
1414 1067 1458 1126 le·

318 1181 415 1250 gatur.
473 1173 520 1231 Au
543 1180 627 1242 sunt,
651 1173 702 1251 qui
725 1173 804 1230 Hist.
828 1170 884 1242 lv,
909 1173 949 1232 23
973 1179 1004 1230 et
1028 1173 1101 1248 Agr.
1123 1174 1164 1232 38
1186 1195 1249 1232 aec
1270 1196 1402 1247 rmqraom
1424 1183 1460 1231 et

320 1304 385 1340 occ
405 1303 522 1356 usquam
545 1280 634 1339 scribi
657 1282 761 1352 velint,
785 1282 855 1359 quia
876 1278 1010 1358 alioquin
1034 1299 1154 1358 semper
1175 1282 1217 1340 aio
1238 1281 1459 1362 dicitTacitus‚

320 1391 368 1450 vel
392 1384 469 1450 Aen.
491 1390 546 1460 IV,
571 1389 620 1448 26.
644 1389 725 1448 Hiat.
747 1388 778 1460 l,
804 1389 843 1446 75
867 1408 953 1462 oeque
973 1391 1037 1446 ideo
1061 1389 1089 1448 in
1112 1409 1162 1448 aar
1181 1393 1245 1449 ideo
1267 1400 1382 1450 mutare
1406 1411 1462 1450 an·

321 1498 422 1569 deant,
443 1498 492 1556 vel
516 1499 605 1554 etiam
628 1500 733 1555 idcirco
755 1515 846 1575 quum
869 1494 961 1554 semel
977 1503 1092 1558 tanturn
1114 1497 1294 1574 inveniatur,
1318 1517 1372 1575 pro
1395 1503 1465 1558 ideo

322 1606 400 1664 male
422 1605 563 1683 scriptum
588 1622 653 1662 esee
675 1603 801 1676 ducant,
839 1614 869 1662 ot
892 1601 957 1660 loco
985 1603 1151 1682 particulae
1173 1608 1253 1677 atqua
1284 1602 1364 1663 alind
1386 1603 1465 1684 qnid

237 1708 242 1718 '
324 1713 502 1770 substituere
525 1730 582 1768 non
606 1707 826 1768 reformident?
850 1708 970 1768 Etenim
994 1716 1122 1788 utroque
1143 1710 1209 1771 loco
1232 1725 1323 1770 autom
1345 1710 1465 1790 optime

326 1819 423 1878 habet.
447 1853 488 1862 -
511 1813 614 1896 Itaque
636 1817 749 1874 Haasei
772 1815 896 1892 regulae
918 1816 961 1873 sic
983 1813 1046 1874 fere
1068 1818 1281 1895 temperantiae
1302 1819 1463 1877 videntur:

328 1929 357 2006 1)
379 1939 469 1984 ordea
491 1926 625 2002 exceptis
655 1922 771 1982 duobus
793 1921 975 1982 Germaniae
1007 1922 1093 1996 locis,
1130 1925 1226 1986 solnm
1255 1928 1280 1985 ei
1311 1945 1465 2005 personae

327 2035 382 2093 sibi
414 2041 606 2112 opponuntur
638 2031 717 2109 apud
739 2031 877 2088 Tacitum
911 2030 940 2088 in
972 2048 1028 2088 nen
1059 2039 1115 2090 cet.
1159 2034 1193 2108 2)
1222 2033 1404 2113 Plerumque
1433 2037 1466 2096 in

328 2141 512 2199 orationibus
536 2144 646 2210 exstat,
668 2137 732 2196 eive
754 2136 875 2195 directis
900 2135 963 2196 sire
987 2135 1152 2197 indireotis.
1186 2141 1221 2218 3)
1244 2140 1280 2200 Iu
1295 2140 1469 2212 annalibus,

330 2250 353 2308 si
376 2251 497 2308 missum
521 2245 664 2304 faciamus
688 2243 784 2303 locum
807 2243 898 2314 XIII,
922 2244 980 2315 25,
1016 2262 1136 2324 semper
1164 2248 1208 2306 ita
1231 2249 1397 2329 invenitur,
1430 2259 1468 2308 nt

330 2351 490 2430 praecedat
511 2346 667 2426 quiam).

417 2463 447 2520 5.
475 2465 543 2518 Varo
565 2457 670 2534 viginti
689 2455 784 2534 tripos
806 2454 878 2514 locis
900 2453 1019 2516 obviem
1044 2462 1099 2527 est,
1122 2476 1249 2536 quorum
1273 2479 1311 2518 ex
1324 2458 1469 2536 Agricola

332 2589 387 2648 pro
409 2568 571 2645 exiguitate
593 2564 683 2624 libelli
707 2563 824 2641 plurimi
847 2562 997 2641 desumpti
1010 2570 1089 2634 sunt,
1112 2583 1144 2623 ec
1175 2567 1315 2645 quinque,
1339 2587 1377 2626 ex
1391 2565 1470 2628 Ger-

333 2677 431 2736 mania
453 2693 610 2750 nnns,ex
633 2673 763 2732 lrietoriis
787 2669 905 2741 docem,
938 2689 974 2730 ex
1003 2671 1159 2730 annalibus
1188 2681 1312 2751 septem.
1366 2673 1469 2748 Quum

334 2794 434 2844 antem
456 2806 519 2842 uero
540 2783 602 2842 fere
625 2799 745 2858 semper
767 2779 931 2838 rhetoricae
962 2780 1122 2851 inserviat,
1165 2800 1202 2838 ex
1225 2780 1282 2841 hoc
1305 2792 1469 2861 conspectu

335 2893 433 2972 denuo
456 2899 556 2968 patet,
588 2889 761 2966 scriptorem
794 2887 890 2959 magis
917 2886 1071 2964 magisque
1098 2885 1197 2948 stilum
1230 2908 1314 2950 sunm
1339 2890 1378 2949 ed
1401 2911 1468 2952 eam

335 3020 424 3080 quam
448 2998 628 3056 admiramur
650 2997 829 3073 gravitatem
854 3004 883 3052 et
905 2994 1095 3054 severitatem
1119 2997 1294 3056 excoluisse.
1317 3031 1357 3042 --
1403 2999 1470 3060 Siu-

336 3109 406 3183 gula
429 3105 566 3183 exempla
585 3107 609 3164 ei
631 3100 862 3174 consideramue,
885 3104 988 3181 utique
1009 3103 1071 3162 lere
1082 3105 1248 3164 invenimus
1271 3129 1334 3165 vcro
1356 3109 1386 3166 in
1410 3110 1471 3168 for·

335 3217 423 3298 mulis
447 3215 484 3274 ad
509 3221 619 3272 certum
643 3231 728 3271 neum
752 3211 877 3282 coalitis,
901 3230 999 3290 neque
1022 3211 1089 3289 plne
1111 3213 1169 3271 tria
1190 3223 1259 3274 snut
1281 3216 1368 3274 aliter
1392 3237 1474 3278 com-

337 3333 456 3404 parata:
480 3315 553 3396 Agr.
577 3322 636 3378 42:
658 3322 816 3377 Domitiani
835 3337 899 3375 nero
919 3329 1029 3375 amma.
1074 3318 1154 3378 Hist.
1167 3319 1191 3390 l,
1214 3321 1272 3380 85:
1294 3335 1389 3385 coacto
1409 3347 1475 3384 vero

337 3439 367 3490 io
387 3436 493 3490 eninm
513 3441 616 3487 senatu.
631 3423 679 3499 Ill,
705 3429 738 3485 2:
764 3430 865 3500 aquitan
887 3447 950 3484 noro
972 3420 1060 3506 (orat.
1083 3423 1194 3507 indic).
1237 3429 1398 3490 Formulae
1421 3453 1498 3493 au..

339 3551 399 3614 tem
421 3541 459 3598 de
482 3538 588 3618 quibus
611 3536 681 3607 dixi,
705 3536 759 3594 hee
781 3546 868 3594 eunt:
898 3538 973 3606 jara
993 3533 1076 3592 noio
1098 3535 1304 3612 gradationem
1328 3539 1475 3612 indicans,

339 3667 418 3728 quae
435 3660 492 3706 ant
515 3647 544 3704 in
566 3645 655 3703 rebus
678 3643 750 3720 ipsis
781 3641 879 3719 posite
909 3649 955 3699 est
985 3639 1135 3720 (vellendo
1158 3642 1257 3725 aber):
1290 3647 1381 3714 litet..
1393 3643 1415 3718 I,
1439 3651 1474 3707 2:

338 3763 398 3829 jum
419 3777 483 3814 vcro
504 3758 595 3812 Italia
621 3756 698 3810 novio
726 3754 852 3808 cladibus
883 3755 925 3807 oet
943 3761 1007 3824 poet
1036 3755 1146 3824 longam
1178 3759 1347 3813 saeculoram
1376 3729 1474 3814 eadem

342 3925 623 3940 ...--—--—-—

416 4027 444 4096 1)
463 4029 496 4076 tt.
515 4026 653 4076 Massmanni
672 4026 708 4074 ed.

415 4121 741 4188 2)e001000,quamqnam
763 4118 867 4170 distinete
886 4119 983 4184 perspici
1003 4135 1048 4170 nou
1072 4128 1156 4185 potent,
1179 4128 1254 4172 utmrn
1278 4125 1384 4187 praebeat
1405 4126 1475 4176 codex

343 4214 379 4268 ari
396 4215 507 4283 (autom),
525 4231 553 4264 an
573 4205 604 4264 tu‘
617 4211 699 4280 (tum).
718 4220 792 4261 tamen
811 4221 862 4263 tum
883 4227 988 4262 mancum
1006 4227 1099 4264 seusam
1118 4212 1229 4270 tunderet.
1322 4274 1324 4280 Ι

413 4309 444 4375 3)
462 4309 554 4358 Videtur
572 4308 665 4357 omnino
684 4306 754 4356 luisse
773 4315 856 4356 uatem
867 4321 909 4355 ror
929 4305 1050 4356 admodum
1061 4321 1111 4356 rem
1130 4308 1255 4372 posteriore
1273 4316 1385 4373 tempore.
1404 4311 1478 4361 Etiam

341 4401 442 4451 'libutius
462 4417 488 4451 ce
506 4417 552 4451 non
568 4401 645 4462 ulitur,
664 4407 741 4450 contra
760 4399 882 4463 Lygdanus
898 4399 985 4448 semel:
1005 4399 1029 4458 5,
1048 4397 1072 4450 3.
