3196 5270
881 237 946 340 aa

333 454 427 512 meris
450 464 480 513 et
502 473 579 534 quae
601 451 787 512 attributisa.
832 451 910 512 Nom
935 452 983 511 uis
1008 451 1151 530 specialis
1173 452 1223 511 vel
1246 455 1397 530 generalis
1421 473 1488 514 sae·

335 563 458 640 pissime
491 560 581 622 rebus
612 561 686 639 ipsis
719 579 779 618 non
815 561 1002 638 continetur,
1033 558 1089 618 sed
1122 557 1237 637 pendet
1264 580 1303 620 ex
1333 565 1485 623 sententia

336 670 500 750 scriptoris.
544 669 649 748 Atque
671 676 762 748 prout
784 667 945 746 accipimus
968 668 1106 727 notiones
1129 685 1235 730 sensus
1266 669 1369 730 existit
1398 671 1485 739 alius

336 777 430 856 Cujus
453 779 497 838 rei
520 779 545 836 si
570 779 637 857 quis
660 776 834 855 exemplam
858 784 984 855 quaerat
1007 776 1063 835 boo
1085 776 1213 838 habeto:
1238 777 1319 838 Anu.
1340 777 1430 860 XVI,
1450 780 1486 838 5:

336 893 403 946 dam
420 909 475 962 per
499 891 644 961 ommatius
666 890 762 944 aditae
784 897 809 944 ct
831 889 999 959 inpruemtem
1021 889 1223 946 multitudinem
1244 891 1398 961 enituntur,
1420 906 1488 946 ver·

337 997 383 1055 bis
405 987 573 1070 immeritem
594 997 797 1052 multitudinem
827 1012 864 1052 ea
890 1011 968 1072 quae
1002 969 1186 1054 antecedunt
1217 995 1385 1054 accuratius
1414 993 1486 1054 defi-

338 1105 470 1177 niuntur,
494 1121 567 1178 ergo
590 1101 642 1160 illa
665 1100 885 1179 generaliorem
909 1101 1061 1159 notionem
1084 1100 1225 1160 forment.
1271 1101 1333 1162 Sed
1356 1104 1380 1162 si
1396 1104 1488 1163 sumi.

338 1231 405 1272 mus
428 1211 578 1290 posterius
603 1210 790 1270 enuntiatum
813 1228 832 1267 e
854 1209 999 1288 scriptore
1021 1227 1058 1267 eo
1080 1210 1139 1269 fine
1170 1209 1305 1270 additum
1339 1231 1421 1286 csse,
1454 1225 1489 1274 ot

337 1319 368 1378 id
391 1317 473 1398 quod
495 1316 615 1377 verbis:
634 1337 688 1391 per
710 1320 854 1390 cometiae
876 1320 972 1374 editae
992 1320 1132 1374 enitemur
1157 1317 1325 1391 indicatur,
1349 1339 1486 1399 compro-

339 1427 445 1499 batur,
468 1433 532 1484 tum
555 1443 693 1484 caussam
713 1424 811 1483 affert.
855 1423 890 1482 ld
922 1441 994 1483 vero
1027 1422 1106 1502 quod
1131 1443 1268 1511 caussam
1291 1427 1418 1506 alicujus
1442 1432 1486 1490 rei

338 1534 487 1610 significat
507 1533 590 1592 notio
615 1540 662 1591 est
684 1529 734 1592 illa
759 1532 840 1610 prior
855 1539 947 1611 atque
963 1529 1142 1607 generalior.
1188 1533 1356 1594 Discrimen
1376 1544 1488 1612 autem,

255 1717 264 1732 ὓ
339 1639 419 1722 quod
441 1639 499 1699 bac
519 1640 676 1698 notionum
702 1638 937 1697 commutatione
959 1639 1107 1710 nascitur,
1131 1638 1192 1699 tale
1215 1639 1279 1700 fere
1302 1649 1364 1714 est,
1398 1643 1489 1722 quale

339 1751 452 1810 sentias
473 1749 552 1806 inter
571 1745 745 1806 enuntiata:
768 1745 824 1806 der
846 1752 942 1822 mbae
964 1745 1077 1820 Bruto,
1106 1753 1213 1826 atque:
1236 1745 1299 1806 das
1324 1747 1410 1810 Grtin
1433 1750 1489 1811 des

339 1857 482 1915 Boumes.
504 1887 546 1898 -
567 1853 610 1911 Et
631 1871 724 1932 saepe
747 1851 869 1932 quidem
892 1849 1039 1931 verbum,
1075 1851 1153 1931 quod
1185 1853 1224 1914 ad
1252 1875 1340 1914 unam
1371 1865 1487 1916 tantum

340 1966 465 2025 duarum
488 1962 644 2022 notionum
668 1961 925 2021 accommodatum
947 1959 1084 2041 videtur,
1114 1971 1274 2042 sequentes
1305 1963 1343 2023 ad
1372 1975 1488 2025 rectum

335 2072 484 2153 judiciam
507 2069 700 2149 perducimur
723 2066 777 2152 (cf.
799 2068 914 2147 supra).
960 2065 1020 2127 Sed
1043 2070 1164 2147 saepius
1187 2089 1225 2128 ex
1249 2070 1306 2130 boc
1327 2045 1422 2132 verbo
1445 2073 1487 2132 nil

339 2186 441 2260 potest
463 2175 621 2251 concludi,
648 2182 740 2256 etque
762 2175 823 2234 elia
848 2182 918 2235 sunt
941 2175 1209 2254 circumspicienda
1238 2177 1358 2237 iudicia.
1414 2179 1489 2240 dam

340 2307 395 2368 per
418 2284 664 2362 cointelligitur,
687 2289 827 2362 oportere
851 2282 987 2362 plurimis
1010 2282 1084 2341 locis
1107 2283 1181 2343 ordo
1205 2285 1418 2347 vocabulorum
1444 2288 1487 2348 ita

341 2417 373 2457 se
395 2395 517 2468 babeat,
541 2401 574 2454 at
597 2390 761 2477 praecedat
783 2393 865 2451 notio
888 2391 1055 2469 generalis,
1085 2391 1123 2451 ad
1146 2412 1235 2472 quam
1259 2395 1422 2474 apponitur
1443 2397 1486 2456 in·

340 2507 467 2566 haerens
489 2502 562 2575 illa,
586 2499 617 2561 id
640 2498 720 2581 quod
742 2501 806 2579 jam
831 2499 954 2560 Handio
978 2499 1171 2560 observatum
1195 2509 1241 2560 est
1254 2499 1298 2584 ¹),
1333 2523 1425 2580 crgo,
1461 2506 1486 2564 si

328 2635 379 2674 ex
402 2591 506 2672 nostra
528 2611 646 2669 rationo
669 2609 837 2689 loquimur,
861 2610 943 2688 prior
965 2609 1047 2668 notio
1071 2610 1110 2667 sit
1132 2609 1319 2671 attributiva.
1368 2610 1431 2672 Sed
1454 2621 1487 2672 ut

340 2719 470 2780 vidimus
493 2716 665 2796 generalior
685 2715 770 2775 notio
793 2715 883 2775 etiam
906 2715 1023 2795 insequi
1053 2723 1154 2793 potest
1183 2716 1303 2777 intereo
1325 2717 1485 2780 verborum

341 2827 456 2888 ordine.
499 2825 610 2905 Itaque
632 2824 738 2884 melior
758 2823 879 2883 videtur
902 2833 993 2904 atque
1015 2823 1106 2884 latius
1119 2832 1226 2903 patens
1242 2826 1292 2886 lex
1306 2847 1385 2907 quae
1405 2837 1486 2888 corte

340 2935 421 3016 apud
444 2933 584 2994 Tacitum
607 2933 712 3012 utique
733 2930 817 2991 valet
840 2931 929 2992 haec:
961 2933 985 2990 si
1009 2930 1069 2990 duo
1096 2932 1149 2992 illa
1180 2934 1328 2995 vocabula
1359 2934 1486 3014 sabjecti

341 3053 394 3105 aut
415 3042 524 3121 objecti
543 3041 609 3100 vice
631 3040 812 3116 funguntur,
835 3049 886 3100 aut
909 3039 1110 3100 ablativorum
1132 3040 1412 3125 instrumentalium‚
1436 3041 1487 3126 qui

342 3153 490 3223 dicuntur,
525 3147 574 3208 sel
602 3147 766 3207 causalium
796 3154 898 3226 portos
930 3147 1090 3228 sustinent,
1128 3155 1191 3207 tum
1225 3151 1307 3209 notio
1344 3151 1489 3230 primaria

342 3278 461 3340 semper
482 3257 620 3336 proxime
643 3255 681 3315 ad
704 3253 911 3334 praedicatum
935 3252 1016 3333 quod
1038 3261 1165 3314 vocatur
1187 3256 1317 3333 accedit;
1340 3277 1375 3317 ac
1397 3259 1421 3316 si
1445 3259 1488 3318 in·

341 3367 510 3448 terponitur
531 3375 633 3426 tamen
654 3384 745 3424 unum
768 3363 935 3424 alterumve
958 3361 1157 3437 vocabulum,
1179 3372 1259 3424 certe
1282 3385 1401 3445 semper
1417 3387 1486 3446 pro·

341 3480 411 3558 pius
432 3475 519 3536 abest
541 3473 579 3534 ab
601 3472 663 3547 illo,
685 3491 776 3552 quam
800 3490 935 3552 eaquae
958 3470 1093 3531 attributi
1116 3471 1177 3530 vim
1201 3472 1333 3534 exbibet.
1376 3473 1487 3555 Itaque

342 3581 544 3665 praecedente
567 3579 740 3661 praedicato
763 3580 891 3658 primum
924 3579 1006 3638 notio
1029 3577 1173 3657 primaria
1194 3582 1345 3664 sequitur,
1377 3581 1488 3643 deinde

341 3693 453 3768 altera3
476 3691 521 3749 sin
544 3707 615 3748 vero
640 3686 851 3768 postponitur,
874 3694 937 3746 tum
960 3672 1051 3744 etiam
1074 3684 1148 3744 ordo
1171 3687 1326 3748 notionum
1349 3690 1487 3748 inversus

343 3798 399 3862 est.
444 3799 530 3877 Quae
552 3797 603 3857 lex
626 3795 827 3875 explicatione
845 3813 904 3853 non
923 3800 1001 3871 eget.
1046 3793 1126 3853 Nam
1144 3791 1173 3852 bi
1189 3802 1260 3854 sunt
1275 3797 1488 3876 simplicissimi

342 3907 425 3970 modi
448 3893 614 3968 sententias
636 3901 800 3974 formandi,
831 3900 1034 3981 exhibeatque
1056 3902 1255 3962 arctissimum
1289 3912 1320 3963 et
1348 3903 1488 3985 frequen·

343 4019 489 4077 tissimum
520 4032 632 4074 nexum
666 4011 790 4071 duarum
826 4011 999 4082 notionum,
1034 4030 1159 4088 quarum
1194 4012 1290 4072 altera
1320 4032 1358 4072 ex
1391 4013 1489 4074 altera

418 4253 442 4320 1)
462 4253 530 4302 Turs.
548 4253 567 4313 1,
585 4250 647 4303 463.
683 4251 737 4312 Sed,
756 4258 782 4300 ut
794 4255 844 4324 'jam
863 4253 907 4302 elio
925 4253 976 4302 loco
995 4252 1088 4314 monui,
1107 4267 1154 4302 uon
1172 4253 1299 4315 intelligere
1316 4268 1411 4319 possum
1430 4269 1489 4320 qna·

342 4349 388 4398 lem
406 4345 510 4408 cogitarit
532 4345 633 4394 Handius
661 4360 712 4394 esse
736 4345 854 4395 notionem
874 4343 1040 4396 inhaerentem.
1083 4345 1140 4395 ltem
1165 4345 1234 4396 nimis
1260 4346 1375 4396 subtiliter
1399 4348 1508 4400 videtur’

341 4453 455 4504 exponere
473 4437 502 4487 de
519 4436 580 4486 sario
598 4451 641 4486 usa
660 4435 839 4500 particularum:
859 4445 897 4500 rt,
917 4453 978 4505 que,
998 4439 1083 4504 atque.
