<?xml version="1.0" encoding="UTF-8"?>
<!DOCTYPE html PUBLIC "-//W3C//DTD XHTML 1.0 Transitional//EN"
    "http://www.w3.org/TR/xhtml1/DTD/xhtml1-transitional.dtd">
<html xmlns="http://www.w3.org/1999/xhtml" xml:lang="en" lang="en">
 <head>
  <title>
</title>
<meta http-equiv="Content-Type" content="text/html;charset=utf-8" />
  <meta name='ocr-system' content='tesseract 3.04.00' />
  <meta name='ocr-capabilities' content='ocr_page ocr_carea ocr_par ocr_line ocrx_word'/>
</head>
<body>
  <div class='ocr_page' id='page_1' title='image "./detacitiincompo00spitgoog_0103.png"; bbox 0 0 3188 5252; ppageno 0'>
   <div class='ocr_carea' id='block_1_1' title="bbox 832 259 872 318">
    <p class='ocr_par' dir='ltr' id='par_1_1' title="bbox 832 259 872 318">
     <span class='ocr_line' id='line_1_1' title="bbox 832 259 872 318; baseline 0 0"><span class='ocrx_word' id='word_1_1' title='bbox 832 259 872 318; x_wconf 72' lang='lat'><strong>92</strong></span> 
     </span>
    </p>
   </div>
   <div class='ocr_carea' id='block_1_2' title="bbox 280 423 1437 1790">
    <p class='ocr_par' dir='ltr' id='par_1_2' title="bbox 280 423 1437 1790">
     <span class='ocr_line' id='line_1_2' title="bbox 280 423 1426 508; baseline -0.001 -22"><span class='ocrx_word' id='word_1_2' title='bbox 280 425 341 486; x_wconf 79' lang='lat' dir='ltr'><strong>viu.</strong></span> <span class='ocrx_word' id='word_1_3' title='bbox 384 425 486 488; x_wconf 89' lang='lat' dir='ltr'><strong>Unum</strong></span> <span class='ocrx_word' id='word_1_4' title='bbox 497 423 518 508; x_wconf 78' lang='lat'><strong>¹)</strong></span> <span class='ocrx_word' id='word_1_5' title='bbox 562 425 694 488; x_wconf 77' lang='lat' dir='ltr'><strong>sufficiet</strong></span> <span class='ocrx_word' id='word_1_6' title='bbox 728 427 865 508; x_wconf 75' lang='lat' dir='ltr'><strong>adjicere</strong></span> <span class='ocrx_word' id='word_1_7' title='bbox 900 427 1085 508; x_wconf 73' lang='lat' dir='ltr'><strong>exemplum,</strong></span> <span class='ocrx_word' id='word_1_8' title='bbox 1125 428 1207 508; x_wconf 89' lang='lat' dir='ltr'><strong>quod</strong></span> <span class='ocrx_word' id='word_1_9' title='bbox 1237 426 1336 488; x_wconf 85' lang='lat' dir='ltr'><strong>simile</strong></span> <span class='ocrx_word' id='word_1_10' title='bbox 1369 433 1426 496; x_wconf 88' lang='lat' dir='ltr'><strong>est,</strong></span> 
     </span>
     <span class='ocr_line' id='line_1_3' title="bbox 282 533 1427 614; baseline -0.003 -20"><span class='ocrx_word' id='word_1_11' title='bbox 282 553 374 613; x_wconf 88' lang='lat' dir='ltr'><strong>quum</strong></span> <span class='ocrx_word' id='word_1_12' title='bbox 395 533 487 612; x_wconf 79' lang='lat' dir='ltr'><strong>plene</strong></span> <span class='ocrx_word' id='word_1_13' title='bbox 514 535 546 594; x_wconf 88' lang='lat' dir='ltr'><strong>iu</strong></span> <span class='ocrx_word' id='word_1_14' title='bbox 568 536 750 596; x_wconf 73' lang='lat' dir='ltr'><strong>eontrarium</strong></span> <span class='ocrx_word' id='word_1_15' title='bbox 785 535 908 596; x_wconf 86' lang='lat' dir='ltr'><strong>modum</strong></span> <span class='ocrx_word' id='word_1_16' title='bbox 928 543 1136 614; x_wconf 77' lang='lat' dir='ltr'><strong>comparatum</strong></span> <span class='ocrx_word' id='word_1_17' title='bbox 1158 536 1207 594; x_wconf 87' lang='lat' dir='ltr'><strong>sit.</strong></span> <span class='ocrx_word' id='word_1_18' title='bbox 1239 535 1320 602; x_wconf 82' lang='lat' dir='ltr'><strong>Anu.</strong></span> <span class='ocrx_word' id='word_1_19' title='bbox 1343 534 1369 607; x_wconf 93' lang='lat'><strong>1,</strong></span> <span class='ocrx_word' id='word_1_20' title='bbox 1393 535 1427 592; x_wconf 84' lang='lat'><strong>4:</strong></span> 
     </span>
     <span class='ocr_line' id='line_1_4' title="bbox 284 644 1431 715; baseline 0.002 -17"><span class='ocrx_word' id='word_1_21' title='bbox 284 644 355 698; x_wconf 75' lang='lat' dir='ltr'><strong>deuse</strong></span> <span class='ocrx_word' id='word_1_22' title='bbox 384 651 410 699; x_wconf 85' lang='lat' dir='ltr'><strong>et</strong></span> <span class='ocrx_word' id='word_1_23' title='bbox 435 645 533 714; x_wconf 73' lang='lat' dir='ltr'><strong>ptimo</strong></span> <span class='ocrx_word' id='word_1_24' title='bbox 565 647 601 700; x_wconf 86' lang='lat' dir='ltr'><strong>ob</strong></span> <span class='ocrx_word' id='word_1_25' title='bbox 629 646 756 713; x_wconf 76' lang='lat' dir='ltr'><strong>infautia</strong></span> <span class='ocrx_word' id='word_1_26' title='bbox 785 649 913 701; x_wconf 83' lang='lat' dir='ltr'><strong>edoctum</strong></span> <span class='ocrx_word' id='word_1_27' title='bbox 941 645 972 700; x_wconf 83' lang='lat' dir='ltr'><strong>iu</strong></span> <span class='ocrx_word' id='word_1_28' title='bbox 993 647 1075 700; x_wconf 83' lang='lat' dir='ltr'><strong>domo</strong></span> <span class='ocrx_word' id='word_1_29' title='bbox 1094 645 1263 715; x_wconf 66' lang='lat' dir='ltr'><strong>requutmoef</strong></span> <span class='ocrx_word' id='word_1_30' title='bbox 1290 652 1431 715; x_wconf 64' lang='lat' dir='ltr'><strong>conuectos</strong></span> 
     </span>
     <span class='ocr_line' id='line_1_5' title="bbox 280 751 1429 826; baseline 0 -20"><span class='ocrx_word' id='word_1_31' title='bbox 280 751 376 820; x_wconf 72' lang='lat' dir='ltr'><strong>iesconi</strong></span> <span class='ocrx_word' id='word_1_32' title='bbox 396 753 566 823; x_wconf 67' lang='lat' dir='ltr'><strong>consulatue,</strong></span> <span class='ocrx_word' id='word_1_33' title='bbox 587 753 754 826; x_wconf 46' lang='lat' dir='ltr'><strong>triumpho&amp;</strong></span> <span class='ocrx_word' id='word_1_34' title='bbox 783 771 817 809; x_wconf 84' lang='lat' dir='ltr'><strong>uc</strong></span> <span class='ocrx_word' id='word_1_35' title='bbox 837 753 874 808; x_wconf 82' lang='lat' dir='ltr'><strong>iie</strong></span> <span class='ocrx_word' id='word_1_36' title='bbox 895 752 1007 824; x_wconf 77' lang='lat' dir='ltr'><strong>quidem</strong></span> <span class='ocrx_word' id='word_1_37' title='bbox 1028 753 1112 808; x_wconf 79' lang='lat' dir='ltr'><strong>oncis</strong></span> <span class='ocrx_word' id='word_1_38' title='bbox 1133 753 1231 822; x_wconf 75' lang='lat' dir='ltr'><strong>quidese</strong></span> <span class='ocrx_word' id='word_1_39' title='bbox 1252 753 1349 808; x_wconf 80' lang='lat' dir='ltr'><strong><em>Rhodi</em></strong></span> <span class='ocrx_word' id='word_1_40' title='bbox 1368 769 1429 822; x_wconf 82' lang='lat' dir='ltr'><strong>spe·</strong></span> 
     </span>
     <span class='ocr_line' id='line_1_6' title="bbox 283 857 1430 931; baseline 0 -19"><span class='ocrx_word' id='word_1_41' title='bbox 283 857 324 913; x_wconf 84' lang='lat' dir='ltr'><strong>cie</strong></span> <span class='ocrx_word' id='word_1_42' title='bbox 345 875 464 913; x_wconf 78' lang='lat' dir='ltr'><strong>secessus</strong></span> <span class='ocrx_word' id='word_1_43' title='bbox 486 859 548 914; x_wconf 75' lang='lat' dir='ltr'><strong>ceci</strong></span> <span class='ocrx_word' id='word_1_44' title='bbox 568 860 661 930; x_wconf 71' lang='lat' dir='ltr'><strong>equit,</strong></span> <span class='ocrx_word' id='word_1_45' title='bbox 691 859 772 915; x_wconf 81' lang='lat' dir='ltr'><strong>aliud</strong></span> <span class='ocrx_word' id='word_1_46' title='bbox 794 879 878 931; x_wconf 70' lang='lat' dir='ltr'><strong>quom</strong></span> <span class='ocrx_word' id='word_1_47' title='bbox 905 861 980 916; x_wconf 80' lang='lat' dir='ltr'><strong>irum</strong></span> <span class='ocrx_word' id='word_1_48' title='bbox 1009 869 1035 916; x_wconf 84' lang='lat' dir='ltr'><strong>et</strong></span> <span class='ocrx_word' id='word_1_49' title='bbox 1054 859 1256 916; x_wconf 65' lang='lat' dir='ltr'><strong>simulationem</strong></span> <span class='ocrx_word' id='word_1_50' title='bbox 1278 889 1319 899; x_wconf 89' lang='lat'><em>-</em></span> <span class='ocrx_word' id='word_1_51' title='bbox 1343 858 1430 916; x_wconf 80' lang='lat' dir='ltr'><strong>medi-</strong></span> 
     </span>
     <span class='ocr_line' id='line_1_7' title="bbox 283 961 1431 1051; baseline 0 -31"><span class='ocrx_word' id='word_1_52' title='bbox 283 973 378 1022; x_wconf 76' lang='lat' dir='ltr'><strong>tatum.</strong></span> <span class='ocrx_word' id='word_1_53' title='bbox 424 961 484 1021; x_wconf 89' lang='lat' dir='ltr'><strong>Hic</strong></span> <span class='ocrx_word' id='word_1_54' title='bbox 516 963 646 1040; x_wconf 86' lang='lat' dir='ltr'><strong>primum</strong></span> <span class='ocrx_word' id='word_1_55' title='bbox 675 965 706 1023; x_wconf 90' lang='lat' dir='ltr'><strong>iu</strong></span> <span class='ocrx_word' id='word_1_56' title='bbox 735 971 837 1051; x_wconf 79' lang='lat' dir='ltr'><strong>mente</strong></span> <span class='ocrx_word' id='word_1_57' title='bbox 867 962 972 1025; x_wconf 85' lang='lat' dir='ltr'><strong>hebuit</strong></span> <span class='ocrx_word' id='word_1_58' title='bbox 999 965 1127 1044; x_wconf 81' lang='lat' dir='ltr'><strong>scriptor</strong></span> <span class='ocrx_word' id='word_1_59' title='bbox 1157 963 1233 1023; x_wconf 84' lang='lat' dir='ltr'><strong>dues</strong></span> <span class='ocrx_word' id='word_1_60' title='bbox 1265 963 1431 1024; x_wconf 84' lang='lat' dir='ltr'><strong>sententias</strong></span> 
     </span>
     <span class='ocr_line' id='line_1_8' title="bbox 285 1069 1432 1152; baseline 0 -24"><span class='ocrx_word' id='word_1_61' title='bbox 285 1081 451 1147; x_wconf 84' lang='lat' dir='ltr'><strong>peret-</strong></span> <span class='ocrx_word' id='word_1_62' title='bbox 473 1081 499 1127; x_wconf 81' lang='lat' dir='ltr'><strong>ct</strong></span> <span class='ocrx_word' id='word_1_63' title='bbox 521 1070 678 1148; x_wconf 86' lang='lat' dir='ltr'><strong>componi;</strong></span> <span class='ocrx_word' id='word_1_64' title='bbox 710 1069 766 1130; x_wconf 88' lang='lat' dir='ltr'><strong>sed</strong></span> <span class='ocrx_word' id='word_1_65' title='bbox 798 1077 959 1152; x_wconf 82' lang='lat' dir='ltr'><strong>postquem</strong></span> <span class='ocrx_word' id='word_1_66' title='bbox 984 1071 1068 1150; x_wconf 84' lang='lat' dir='ltr'><strong>prius</strong></span> <span class='ocrx_word' id='word_1_67' title='bbox 1089 1071 1277 1138; x_wconf 76' lang='lat' dir='ltr'><strong>enuntiatum</strong></span> <span class='ocrx_word' id='word_1_68' title='bbox 1300 1070 1432 1148; x_wconf 76' lang='lat' dir='ltr'>scripsit,</span> 
     </span>
     <span class='ocr_line' id='line_1_9' title="bbox 288 1174 1432 1257; baseline 0.001 -23"><span class='ocrx_word' id='word_1_69' title='bbox 288 1174 439 1254; x_wconf 77' lang='lat' dir='ltr'><strong>displicuit</strong></span> <span class='ocrx_word' id='word_1_70' title='bbox 460 1175 627 1250; x_wconf 89' lang='lat' dir='ltr'><strong>consilium,</strong></span> <span class='ocrx_word' id='word_1_71' title='bbox 653 1182 745 1257; x_wconf 84' lang='lat' dir='ltr'><strong>utque</strong></span> <span class='ocrx_word' id='word_1_72' title='bbox 768 1180 910 1257; x_wconf 79' lang='lat' dir='ltr'><strong>apposuit</strong></span> <span class='ocrx_word' id='word_1_73' title='bbox 931 1177 1058 1238; x_wconf 86' lang='lat' dir='ltr'><strong>alterum</strong></span> <span class='ocrx_word' id='word_1_74' title='bbox 1081 1178 1112 1238; x_wconf 91' lang='lat' dir='ltr'><strong>iu</strong></span> <span class='ocrx_word' id='word_1_75' title='bbox 1134 1177 1256 1238; x_wconf 90' lang='lat' dir='ltr'><strong>modum</strong></span> <span class='ocrx_word' id='word_1_76' title='bbox 1278 1177 1432 1254; x_wconf 77' lang='lat' dir='ltr'><strong>gradatio·</strong></span> 
     </span>
     <span class='ocr_line' id='line_1_10' title="bbox 287 1282 1436 1366; baseline 0.004 -26"><span class='ocrx_word' id='word_1_77' title='bbox 287 1283 345 1341; x_wconf 88' lang='lat' dir='ltr'><strong>nis.</strong></span> <span class='ocrx_word' id='word_1_78' title='bbox 389 1282 477 1358; x_wconf 75' lang='lat' dir='ltr'><strong>Ques</strong></span> <span class='ocrx_word' id='word_1_79' title='bbox 497 1291 599 1346; x_wconf 89' lang='lat' dir='ltr'><strong>tamen</strong></span> <span class='ocrx_word' id='word_1_80' title='bbox 633 1303 694 1344; x_wconf 92' lang='lat' dir='ltr'><strong>non</strong></span> <span class='ocrx_word' id='word_1_81' title='bbox 716 1285 760 1345; x_wconf 83' lang='lat' dir='ltr'><strong>itu</strong></span> <span class='ocrx_word' id='word_1_82' title='bbox 789 1285 963 1366; x_wconf 76' lang='lat' dir='ltr'><strong>accipienda</strong></span> <span class='ocrx_word' id='word_1_83' title='bbox 991 1293 1070 1360; x_wconf 82' lang='lat' dir='ltr'><strong>sunt,</strong></span> <span class='ocrx_word' id='word_1_84' title='bbox 1100 1291 1254 1366; x_wconf 78' lang='lat' dir='ltr'><strong>tamquam</strong></span> <span class='ocrx_word' id='word_1_85' title='bbox 1276 1283 1436 1362; x_wconf 83' lang='lat' dir='ltr'><strong>negligen-</strong></span> 
     </span>
     <span class='ocr_line' id='line_1_11' title="bbox 288 1389 1436 1474; baseline 0.002 -24"><span class='ocrx_word' id='word_1_86' title='bbox 288 1391 350 1452; x_wconf 81' lang='lat' dir='ltr'><strong>tiae</strong></span> <span class='ocrx_word' id='word_1_87' title='bbox 372 1389 490 1451; x_wconf 85' lang='lat' dir='ltr'><strong>cuidem</strong></span> <span class='ocrx_word' id='word_1_88' title='bbox 513 1391 664 1452; x_wconf 85' lang='lat' dir='ltr'><strong>scribendi</strong></span> <span class='ocrx_word' id='word_1_89' title='bbox 686 1392 774 1453; x_wconf 88' lang='lat' dir='ltr'><strong>nimis</strong></span> <span class='ocrx_word' id='word_1_90' title='bbox 796 1392 987 1468; x_wconf 77' lang='lat' dir='ltr'><strong>indulsisset3</strong></span> <span class='ocrx_word' id='word_1_91' title='bbox 1019 1392 1074 1453; x_wconf 88' lang='lat' dir='ltr'><strong>scd</strong></span> <span class='ocrx_word' id='word_1_92' title='bbox 1096 1393 1172 1454; x_wconf 86' lang='lat' dir='ltr'><strong>he&#39;cc</strong></span> <span class='ocrx_word' id='word_1_93' title='bbox 1194 1411 1313 1474; x_wconf 89' lang='lat' dir='ltr'><strong>quoque</strong></span> <span class='ocrx_word' id='word_1_94' title='bbox 1335 1427 1377 1436; x_wconf 89' lang='lat'><em>-</em></span> <span class='ocrx_word' id='word_1_95' title='bbox 1400 1400 1436 1454; x_wconf 86' lang='lat' dir='ltr'><strong>ut</strong></span> 
     </span>
     <span class='ocr_line' id='line_1_12' title="bbox 290 1497 1435 1580; baseline 0.002 -24"><span class='ocrx_word' id='word_1_96' title='bbox 290 1497 486 1572; x_wconf 74' lang='lat' dir='ltr'><strong>omniafere,</strong></span> <span class='ocrx_word' id='word_1_97' title='bbox 518 1516 597 1577; x_wconf 83' lang='lat' dir='ltr'><strong>quae</strong></span> <span class='ocrx_word' id='word_1_98' title='bbox 628 1498 704 1558; x_wconf 83' lang='lat' dir='ltr'><strong>mire</strong></span> <span class='ocrx_word' id='word_1_99' title='bbox 735 1498 816 1558; x_wconf 86' lang='lat' dir='ltr'><strong>dicte</strong></span> <span class='ocrx_word' id='word_1_100' title='bbox 849 1504 930 1580; x_wconf 84' lang='lat' dir='ltr'><strong>apud</strong></span> <span class='ocrx_word' id='word_1_101' title='bbox 965 1519 1034 1562; x_wconf 88' lang='lat' dir='ltr'><strong>eum</strong></span> <span class='ocrx_word' id='word_1_102' title='bbox 1064 1501 1200 1560; x_wconf 80' lang='lat' dir='ltr'><strong>invenias</strong></span> <span class='ocrx_word' id='word_1_103' title='bbox 1220 1531 1265 1546; x_wconf 82' lang='lat'><strong>·-</strong></span> <span class='ocrx_word' id='word_1_104' title='bbox 1297 1497 1435 1560; x_wconf 88' lang='lat' dir='ltr'><strong>consulto</strong></span> 
     </span>
     <span class='ocr_line' id='line_1_13' title="bbox 289 1601 1437 1686; baseline 0.001 -25"><span class='ocrx_word' id='word_1_105' title='bbox 289 1601 371 1664; x_wconf 86' lang='lat' dir='ltr'><strong>iecit.</strong></span> <span class='ocrx_word' id='word_1_106' title='bbox 416 1601 596 1663; x_wconf 77' lang='lat' dir='ltr'><strong>Commouet</strong></span> <span class='ocrx_word' id='word_1_107' title='bbox 619 1605 698 1663; x_wconf 87' lang='lat' dir='ltr'><strong>enim</strong></span> <span class='ocrx_word' id='word_1_108' title='bbox 721 1621 756 1665; x_wconf 84' lang='lat' dir='ltr'><strong>ae</strong></span> <span class='ocrx_word' id='word_1_109' title='bbox 779 1601 880 1684; x_wconf 84' lang='lat' dir='ltr'><strong>piacet</strong></span> <span class='ocrx_word' id='word_1_110' title='bbox 902 1605 985 1665; x_wconf 79' lang='lat' dir='ltr'><strong>incus</strong></span> <span class='ocrx_word' id='word_1_111' title='bbox 1007 1605 1070 1679; x_wconf 76' lang='lat' dir='ltr'><strong>ilic,</strong></span> <span class='ocrx_word' id='word_1_112' title='bbox 1092 1623 1170 1686; x_wconf 83' lang='lat' dir='ltr'><strong>quae</strong></span> <span class='ocrx_word' id='word_1_113' title='bbox 1193 1603 1284 1666; x_wconf 82' lang='lat' dir='ltr'><strong>efficit</strong></span> <span class='ocrx_word' id='word_1_114' title='bbox 1305 1611 1339 1663; x_wconf 90' lang='lat' dir='ltr'><strong>ut</strong></span> <span class='ocrx_word' id='word_1_115' title='bbox 1352 1603 1437 1665; x_wconf 88' lang='lat' dir='ltr'><strong>uliud</strong></span> 
     </span>
     <span class='ocr_line' id='line_1_14' title="bbox 290 1691 910 1790; baseline 0.006 -21"><span class='ocrx_word' id='word_1_116' title='bbox 290 1717 509 1788; x_wconf 77' lang='lat' dir='ltr'><strong>exspectemus,</strong></span> <span class='ocrx_word' id='word_1_117' title='bbox 531 1710 613 1771; x_wconf 81' lang='lat' dir='ltr'><strong>uliud</strong></span> <span class='ocrx_word' id='word_1_118' title='bbox 636 1711 820 1790; x_wconf 80' lang='lat' dir='ltr'><strong>insequetur.</strong></span> <span class='ocrx_word' id='word_1_119' title='bbox 904 1691 910 1700; x_wconf 40' lang='lat'>⁸</span> 
     </span>
    </p>
   </div>
   <div class='ocr_carea' id='block_1_3' title="bbox 291 1837 1445 2458">
    <p class='ocr_par' dir='ltr' id='par_1_3' title="bbox 291 1837 1445 2458">
     <span class='ocr_line' id='line_1_15' title="bbox 378 1837 1442 1916; baseline 0.002 -20"><span class='ocrx_word' id='word_1_120' title='bbox 378 1837 460 1899; x_wconf 85' lang='lat' dir='ltr'><strong>Anu.</strong></span> <span class='ocrx_word' id='word_1_121' title='bbox 482 1837 576 1912; x_wconf 85' lang='lat' dir='ltr'>XIII,</span> <span class='ocrx_word' id='word_1_122' title='bbox 607 1842 641 1900; x_wconf 78' lang='lat'><strong>7:</strong></span> <span class='ocrx_word' id='word_1_123' title='bbox 682 1844 758 1900; x_wconf 81' lang='lat' dir='ltr'><strong>Nero</strong></span> <span class='ocrx_word' id='word_1_124' title='bbox 791 1851 817 1899; x_wconf 86' lang='lat' dir='ltr'><strong>et</strong></span> <span class='ocrx_word' id='word_1_125' title='bbox 835 1844 1003 1914; x_wconf 59' lang='lat' dir='ltr'><strong>iuuentem</strong></span> <span class='ocrx_word' id='word_1_126' title='bbox 1030 1843 1175 1916; x_wconf 70' lang='lat' dir='ltr'><strong>prosimos</strong></span> <span class='ocrx_word' id='word_1_127' title='bbox 1196 1861 1251 1915; x_wconf 74' lang='lat' dir='ltr'><strong>per</strong></span> <span class='ocrx_word' id='word_1_128' title='bbox 1277 1843 1442 1914; x_wconf 64' lang='lat' dir='ltr'><strong>prosim</strong></span> 
     </span>
     <span class='ocr_line' id='line_1_16' title="bbox 294 1949 1441 2028; baseline -0.003 -22"><span class='ocrx_word' id='word_1_129' title='bbox 294 1950 450 2020; x_wconf 78' lang='lat' dir='ltr'><strong>quaesitum</strong></span> <span class='ocrx_word' id='word_1_130' title='bbox 470 1951 635 2021; x_wconf 73' lang='lat' dir='ltr'><strong>supplendis</strong></span> <span class='ocrx_word' id='word_1_131' title='bbox 656 1950 778 2007; x_wconf 76' lang='lat' dir='ltr'><strong>Orientis</strong></span> <span class='ocrx_word' id='word_1_132' title='bbox 808 1951 959 2028; x_wconf 71' lang='lat' dir='ltr'><strong>leoiocibus</strong></span> <span class='ocrx_word' id='word_1_133' title='bbox 981 1952 1136 2020; x_wconf 62' lang='lat' dir='ltr'><strong>muscum,</strong></span> <span class='ocrx_word' id='word_1_134' title='bbox 1169 1949 1340 2020; x_wconf 43' lang='lat' dir='ltr'><strong>&amp;cneoque</strong></span> <span class='ocrx_word' id='word_1_135' title='bbox 1361 1949 1441 2019; x_wconf 75' lang='lat' dir='ltr'><strong>ipsae</strong></span> 
     </span>
     <span class='ocr_line' id='line_1_17' title="bbox 291 2056 1442 2129; baseline 0 -17"><span class='ocrx_word' id='word_1_136' title='bbox 291 2058 411 2128; x_wconf 72' lang='lat' dir='ltr'><strong>propius</strong></span> <span class='ocrx_word' id='word_1_137' title='bbox 439 2056 601 2112; x_wconf 79' lang='lat' dir='ltr'><strong>Armeniam</strong></span> <span class='ocrx_word' id='word_1_138' title='bbox 629 2058 764 2113; x_wconf 72' lang='lat' dir='ltr'><strong>collocati</strong></span> <span class='ocrx_word' id='word_1_139' title='bbox 781 2057 866 2129; x_wconf 72' lang='lat' dir='ltr'><strong>jobo,</strong></span> <span class='ocrx_word' id='word_1_140' title='bbox 894 2060 1018 2128; x_wconf 80' lang='lat' dir='ltr'><strong>duosque</strong></span> <span class='ocrx_word' id='word_1_141' title='bbox 1046 2066 1149 2113; x_wconf 72' lang='lat' dir='ltr'><strong>uuerco</strong></span> <span class='ocrx_word' id='word_1_142' title='bbox 1177 2073 1253 2128; x_wconf 69' lang='lat' dir='ltr'><strong>reyes</strong></span> <span class='ocrx_word' id='word_1_143' title='bbox 1281 2057 1442 2127; x_wconf 53' lang='lat' dir='ltr'><strong>Antiopam</strong></span> 
     </span>
     <span class='ocr_line' id='line_1_18' title="bbox 296 2162 1442 2241; baseline -0.004 -19"><span class='ocrx_word' id='word_1_144' title='bbox 296 2173 322 2222; x_wconf 85' lang='lat' dir='ltr'><strong>ct</strong></span> <span class='ocrx_word' id='word_1_145' title='bbox 344 2164 508 2241; x_wconf 72' lang='lat' dir='ltr'><strong>Antiochum</strong></span> <span class='ocrx_word' id='word_1_146' title='bbox 536 2163 665 2236; x_wconf 50' lang='lat' dir='ltr'><strong>&amp;pedire</strong></span> <span class='ocrx_word' id='word_1_147' title='bbox 695 2162 792 2236; x_wconf 78' lang='lat' dir='ltr'><strong>copiae</strong></span> <span class='ocrx_word' id='word_1_148' title='bbox 817 2165 879 2235; x_wconf 70' lang='lat' dir='ltr'><strong>ouis</strong></span> <span class='ocrx_word' id='word_1_149' title='bbox 901 2165 1070 2220; x_wconf 75' lang='lat' dir='ltr'><strong>Porthmum</strong></span> <span class='ocrx_word' id='word_1_150' title='bbox 1091 2167 1165 2234; x_wconf 75' lang='lat' dir='ltr'><strong>sicce</strong></span> <span class='ocrx_word' id='word_1_151' title='bbox 1193 2165 1268 2220; x_wconf 75' lang='lat' dir='ltr'><strong>ultro</strong></span> <span class='ocrx_word' id='word_1_152' title='bbox 1295 2164 1442 2220; x_wconf 79' lang='lat' dir='ltr'><strong>iutrorcut.</strong></span> 
     </span>
     <span class='ocr_line' id='line_1_19' title="bbox 298 2246 1445 2347; baseline -0.003 -20"><span class='ocrx_word' id='word_1_153' title='bbox 298 2267 358 2327; x_wconf 89' lang='lat' dir='ltr'><strong>Hie</strong></span> <span class='ocrx_word' id='word_1_154' title='bbox 380 2246 429 2326; x_wconf 85' lang='lat' dir='ltr'><strong>est¹</strong></span> <span class='ocrx_word' id='word_1_155' title='bbox 450 2267 533 2327; x_wconf 88' lang='lat' dir='ltr'><strong>locus</strong></span> <span class='ocrx_word' id='word_1_156' title='bbox 556 2268 671 2339; x_wconf 86' lang='lat' dir='ltr'><strong>unicus,</strong></span> <span class='ocrx_word' id='word_1_157' title='bbox 703 2287 762 2347; x_wconf 91' lang='lat' dir='ltr'><strong>quo</strong></span> <span class='ocrx_word' id='word_1_158' title='bbox 785 2265 866 2346; x_wconf 82' lang='lat' dir='ltr'><strong>apud</strong></span> <span class='ocrx_word' id='word_1_159' title='bbox 888 2265 927 2325; x_wconf 77' lang='lat' dir='ltr'><strong>T.</strong></span> <span class='ocrx_word' id='word_1_160' title='bbox 957 2265 1003 2326; x_wconf 87' lang='lat' dir='ltr'><strong>bis</strong></span> <span class='ocrx_word' id='word_1_161' title='bbox 1025 2267 1157 2347; x_wconf 87' lang='lat' dir='ltr'><strong>positum</strong></span> <span class='ocrx_word' id='word_1_162' title='bbox 1179 2285 1247 2326; x_wconf 86' lang='lat' dir='ltr'><strong>esse</strong></span> <span class='ocrx_word' id='word_1_163' title='bbox 1268 2287 1320 2341; x_wconf 75' lang='lat' dir='ltr'><strong>quc</strong></span> <span class='ocrx_word' id='word_1_164' title='bbox 1341 2265 1445 2326; x_wconf 83' lang='lat' dir='ltr'><strong>inveni</strong></span> 
     </span>
     <span class='ocr_line' id='line_1_20' title="bbox 298 2375 686 2458; baseline 0 -24"><span class='ocrx_word' id='word_1_165' title='bbox 298 2382 464 2453; x_wconf 71' lang='lat' dir='ltr'><strong>pnuecunte</strong></span> <span class='ocrx_word' id='word_1_166' title='bbox 486 2375 633 2458; x_wconf 81' lang='lat' dir='ltr'><strong>porticula</strong></span> <span class='ocrx_word' id='word_1_167' title='bbox 655 2386 686 2434; x_wconf 80' lang='lat' dir='ltr'><strong>ct.</strong></span> 
     </span>
    </p>
   </div>
   <div class='ocr_carea' id='block_1_4' title="bbox 264 2500 1460 4239">
    <p class='ocr_par' dir='ltr' id='par_1_4' title="bbox 264 2500 1455 3550">
     <span class='ocr_line' id='line_1_21' title="bbox 389 2500 1445 2582; baseline -0.006 -18"><span class='ocrx_word' id='word_1_168' title='bbox 389 2502 488 2564; x_wconf 77' lang='lat' dir='ltr'><strong>Valde</strong></span> <span class='ocrx_word' id='word_1_169' title='bbox 518 2503 698 2564; x_wconf 84' lang='lat' dir='ltr'><strong>deminuitur</strong></span> <span class='ocrx_word' id='word_1_170' title='bbox 727 2506 784 2578; x_wconf 84' lang='lat' dir='ltr'><strong>vis,</strong></span> <span class='ocrx_word' id='word_1_171' title='bbox 815 2505 840 2564; x_wconf 86' lang='lat' dir='ltr'><strong>ci</strong></span> <span class='ocrx_word' id='word_1_172' title='bbox 862 2521 991 2582; x_wconf 81' lang='lat' dir='ltr'><strong>perque</strong></span> <span class='ocrx_word' id='word_1_173' title='bbox 1013 2535 1054 2549; x_wconf 87' lang='lat'><em>-</em></span> <span class='ocrx_word' id='word_1_174' title='bbox 1076 2523 1129 2578; x_wconf 72' lang='lat' dir='ltr'><strong>que</strong></span> <span class='ocrx_word' id='word_1_175' title='bbox 1158 2500 1237 2562; x_wconf 80' lang='lat' dir='ltr'><strong>duce</strong></span> <span class='ocrx_word' id='word_1_176' title='bbox 1259 2516 1445 2579; x_wconf 82' lang='lat' dir='ltr'><strong>componun·</strong></span> 
     </span>
     <span class='ocr_line' id='line_1_22' title="bbox 300 2605 1447 2688; baseline -0.005 -18"><span class='ocrx_word' id='word_1_177' title='bbox 300 2617 350 2670; x_wconf 86' lang='lat' dir='ltr'><strong>tur</strong></span> <span class='ocrx_word' id='word_1_178' title='bbox 380 2611 550 2686; x_wconf 74' lang='lat' dir='ltr'><strong>sententiae</strong></span> <span class='ocrx_word' id='word_1_179' title='bbox 580 2611 632 2671; x_wconf 85' lang='lat' dir='ltr'><strong>vel</strong></span> <span class='ocrx_word' id='word_1_180' title='bbox 665 2611 814 2684; x_wconf 85' lang='lat' dir='ltr'><strong>notiones,</strong></span> <span class='ocrx_word' id='word_1_181' title='bbox 844 2609 1026 2670; x_wconf 79' lang='lat' dir='ltr'><strong>excludendi</strong></span> <span class='ocrx_word' id='word_1_182' title='bbox 1056 2617 1147 2683; x_wconf 75' lang='lat' dir='ltr'><strong>ceute,</strong></span> <span class='ocrx_word' id='word_1_183' title='bbox 1178 2605 1259 2688; x_wconf 92' lang='lat' dir='ltr'><strong>quod</strong></span> <span class='ocrx_word' id='word_1_184' title='bbox 1291 2605 1389 2667; x_wconf 88' lang='lat' dir='ltr'><strong>elucet</strong></span> <span class='ocrx_word' id='word_1_185' title='bbox 1420 2606 1447 2664; x_wconf 91' lang='lat' dir='ltr'><strong>si</strong></span> 
     </span>
     <span class='ocr_line' id='line_1_23' title="bbox 301 2711 1446 2797; baseline -0.004 -22"><span class='ocrx_word' id='word_1_186' title='bbox 301 2714 499 2788; x_wconf 87' lang='lat' dir='ltr'><strong>meminimus,</strong></span> <span class='ocrx_word' id='word_1_187' title='bbox 533 2715 615 2794; x_wconf 81' lang='lat' dir='ltr'><strong>apud</strong></span> <span class='ocrx_word' id='word_1_188' title='bbox 645 2723 753 2795; x_wconf 82' lang='lat' dir='ltr'><strong>postus</strong></span> <span class='ocrx_word' id='word_1_189' title='bbox 785 2733 877 2796; x_wconf 85' lang='lat' dir='ltr'><strong>saepe</strong></span> <span class='ocrx_word' id='word_1_190' title='bbox 908 2716 940 2774; x_wconf 88' lang='lat' dir='ltr'><strong>in</strong></span> <span class='ocrx_word' id='word_1_191' title='bbox 970 2715 1078 2776; x_wconf 79' lang='lat' dir='ltr'><strong>ecdem</strong></span> <span class='ocrx_word' id='word_1_192' title='bbox 1108 2713 1314 2775; x_wconf 75' lang='lat' dir='ltr'><strong>enuntiatione</strong></span> <span class='ocrx_word' id='word_1_193' title='bbox 1345 2711 1446 2797; x_wconf 80' lang='lat' dir='ltr'><strong>ttutim</strong></span> 
     </span>
     <span class='ocr_line' id='line_1_24' title="bbox 302 2819 1449 2902; baseline -0.002 -22"><span class='ocrx_word' id='word_1_194' title='bbox 302 2819 423 2880; x_wconf 79' lang='lat' dir='ltr'><strong>aduecti</strong></span> <span class='ocrx_word' id='word_1_195' title='bbox 452 2821 536 2882; x_wconf 78' lang='lat' dir='ltr'><strong>uliud</strong></span> <span class='ocrx_word' id='word_1_196' title='bbox 567 2821 734 2882; x_wconf 86' lang='lat' dir='ltr'><strong>membrum</strong></span> <span class='ocrx_word' id='word_1_197' title='bbox 757 2841 812 2902; x_wconf 88' lang='lat' dir='ltr'><strong>per</strong></span> <span class='ocrx_word' id='word_1_198' title='bbox 833 2835 867 2898; x_wconf 80' lang='lat' dir='ltr'><strong>et,</strong></span> <span class='ocrx_word' id='word_1_199' title='bbox 896 2821 1008 2882; x_wconf 88' lang='lat' dir='ltr'><strong>deiude</strong></span> <span class='ocrx_word' id='word_1_200' title='bbox 1036 2841 1139 2881; x_wconf 87' lang='lat' dir='ltr'><strong>rursus</strong></span> <span class='ocrx_word' id='word_1_201' title='bbox 1168 2819 1250 2880; x_wconf 86' lang='lat' dir='ltr'><strong>uliud</strong></span> <span class='ocrx_word' id='word_1_202' title='bbox 1281 2839 1338 2899; x_wconf 82' lang='lat' dir='ltr'><strong>per</strong></span> <span class='ocrx_word' id='word_1_203' title='bbox 1366 2831 1449 2894; x_wconf 73' lang='lat' dir='ltr'><strong>utqzoe</strong></span> 
     </span>
     <span class='ocr_line' id='line_1_25' title="bbox 305 2927 1449 3006; baseline -0.001 -19"><span class='ocrx_word' id='word_1_204' title='bbox 305 2929 355 2988; x_wconf 88' lang='lat' dir='ltr'><strong>vel</strong></span> <span class='ocrx_word' id='word_1_205' title='bbox 377 2949 437 3005; x_wconf 77' lang='lat' dir='ltr'><strong>que,</strong></span> <span class='ocrx_word' id='word_1_206' title='bbox 458 2935 493 2988; x_wconf 88' lang='lat' dir='ltr'><strong>ut</strong></span> <span class='ocrx_word' id='word_1_207' title='bbox 516 2927 606 2990; x_wconf 88' lang='lat' dir='ltr'><strong>Ovid.</strong></span> <span class='ocrx_word' id='word_1_208' title='bbox 634 2928 737 2990; x_wconf 84' lang='lat' dir='ltr'><strong>Amor.</strong></span> <span class='ocrx_word' id='word_1_209' title='bbox 758 2932 782 3005; x_wconf 90' lang='lat'><strong>1,</strong></span> <span class='ocrx_word' id='word_1_210' title='bbox 812 2932 842 3006; x_wconf 82' lang='lat'><strong>8,</strong></span> <span class='ocrx_word' id='word_1_211' title='bbox 873 2932 953 2991; x_wconf 79' lang='lat'>113:</span> <span class='ocrx_word' id='word_1_212' title='bbox 984 2934 1018 2989; x_wconf 81' lang='grc' dir='ltr'><strong>ιιι</strong></span> <span class='ocrx_word' id='word_1_213' title='bbox 1036 2933 1088 2988; x_wconf 77' lang='lat' dir='ltr'><strong>tibi</strong></span> <span class='ocrx_word' id='word_1_214' title='bbox 1115 2935 1181 2989; x_wconf 65' lang='lat' dir='ltr'><strong>osto</strong></span> <span class='ocrx_word' id='word_1_215' title='bbox 1209 2931 1352 3002; x_wconf 62' lang='lat' dir='ltr'><strong>nutusque</strong></span> <span class='ocrx_word' id='word_1_216' title='bbox 1373 2933 1449 2986; x_wconf 82' lang='lat' dir='ltr'><strong>lares</strong></span> 
     </span>
     <span class='ocr_line' id='line_1_26' title="bbox 304 3034 1450 3114; baseline -0.001 -21"><span class='ocrx_word' id='word_1_217' title='bbox 304 3039 467 3110; x_wconf 74' lang='lat' dir='ltr'><strong>inopemque</strong></span> <span class='ocrx_word' id='word_1_218' title='bbox 486 3049 629 3110; x_wconf 67' lang='lat' dir='ltr'><strong>emmone,</strong></span> <span class='ocrx_word' id='word_1_219' title='bbox 657 3049 684 3096; x_wconf 88' lang='lat' dir='ltr'><strong>ct</strong></span> <span class='ocrx_word' id='word_1_220' title='bbox 704 3042 802 3111; x_wconf 67' lang='lat' dir='ltr'><strong>lencm</strong></span> <span class='ocrx_word' id='word_1_221' title='bbox 830 3040 929 3096; x_wconf 74' lang='lat' dir='ltr'><strong>hicum</strong></span> <span class='ocrx_word' id='word_1_222' title='bbox 956 3045 1174 3114; x_wconf 70' lang='lat' dir='ltr'><strong>perpensumque</strong></span> <span class='ocrx_word' id='word_1_223' title='bbox 1203 3038 1286 3093; x_wconf 74' lang='lat' dir='ltr'><strong>edim.</strong></span> <span class='ocrx_word' id='word_1_224' title='bbox 1308 3034 1450 3094; x_wconf 82' lang='lat' dir='ltr'><strong>Ceterum</strong></span> 
     </span>
     <span class='ocr_line' id='line_1_27' title="bbox 305 3140 1451 3225; baseline -0.001 -23"><span class='ocrx_word' id='word_1_225' title='bbox 305 3143 518 3204; x_wconf 79' lang='lat' dir='ltr'><strong>circumclusus</strong></span> <span class='ocrx_word' id='word_1_226' title='bbox 546 3151 594 3204; x_wconf 88' lang='lat' dir='ltr'><strong>est</strong></span> <span class='ocrx_word' id='word_1_227' title='bbox 615 3144 663 3204; x_wconf 89' lang='lat' dir='ltr'><strong>hic</strong></span> <span class='ocrx_word' id='word_1_228' title='bbox 692 3163 764 3204; x_wconf 87' lang='lat' dir='ltr'><strong>usus</strong></span> <span class='ocrx_word' id='word_1_229' title='bbox 796 3144 906 3207; x_wconf 88' lang='lat' dir='ltr'><strong>tinibus</strong></span> <span class='ocrx_word' id='word_1_230' title='bbox 928 3164 1019 3225; x_wconf 83' lang='lat' dir='ltr'><strong>quam</strong></span> <span class='ocrx_word' id='word_1_231' title='bbox 1047 3144 1230 3217; x_wconf 74' lang='lat' dir='ltr'><strong>arctissimis,</strong></span> <span class='ocrx_word' id='word_1_232' title='bbox 1253 3161 1344 3222; x_wconf 86' lang='lat' dir='ltr'><strong>quum</strong></span> <span class='ocrx_word' id='word_1_233' title='bbox 1369 3140 1451 3220; x_wconf 81' lang='lat' dir='ltr'><strong>apud</strong></span> 
     </span>
     <span class='ocr_line' id='line_1_28' title="bbox 307 3248 1454 3333; baseline -0.001 -24"><span class='ocrx_word' id='word_1_234' title='bbox 307 3250 346 3308; x_wconf 85' lang='grc' dir='ltr'><strong>Τ.</strong></span> <span class='ocrx_word' id='word_1_235' title='bbox 366 3258 430 3310; x_wconf 89' lang='lat' dir='ltr'><strong>tum</strong></span> <span class='ocrx_word' id='word_1_236' title='bbox 457 3258 574 3310; x_wconf 86' lang='lat' dir='ltr'><strong>tuntum</strong></span> <span class='ocrx_word' id='word_1_237' title='bbox 603 3251 731 3333; x_wconf 82' lang='lat' dir='ltr'><strong>legatur,</strong></span> <span class='ocrx_word' id='word_1_238' title='bbox 761 3253 787 3311; x_wconf 84' lang='lat' dir='ltr'><strong>si</strong></span> <span class='ocrx_word' id='word_1_239' title='bbox 809 3253 892 3331; x_wconf 86' lang='lat' dir='ltr'><strong>prius</strong></span> <span class='ocrx_word' id='word_1_240' title='bbox 927 3249 1052 3312; x_wconf 76' lang='lat' dir='ltr'><strong>verbum</strong></span> <span class='ocrx_word' id='word_1_241' title='bbox 1082 3249 1121 3310; x_wconf 85' lang='lat' dir='ltr'><strong>ud</strong></span> <span class='ocrx_word' id='word_1_242' title='bbox 1151 3248 1233 3330; x_wconf 89' lang='lat' dir='ltr'><strong>quod</strong></span> <span class='ocrx_word' id='word_1_243' title='bbox 1264 3249 1454 3322; x_wconf 80' lang='lat' dir='ltr'><strong>acceditque</strong></span> 
     </span>
     <span class='ocr_line' id='line_1_29' title="bbox 309 3351 1452 3440; baseline -0.001 -23"><span class='ocrx_word' id='word_1_244' title='bbox 309 3364 356 3417; x_wconf 85' lang='lat' dir='ltr'><strong>eet</strong></span> <span class='ocrx_word' id='word_1_245' title='bbox 377 3375 543 3437; x_wconf 84' lang='lat' dir='ltr'><strong>pronomen</strong></span> <span class='ocrx_word' id='word_1_246' title='bbox 565 3354 776 3440; x_wconf 77' lang='lat' dir='ltr'><strong>personule²);</strong></span> <span class='ocrx_word' id='word_1_247' title='bbox 808 3359 888 3421; x_wconf 83' lang='lat' dir='ltr'><strong>Anu.</strong></span> <span class='ocrx_word' id='word_1_248' title='bbox 911 3359 951 3434; x_wconf 85' lang='lat'><strong>11,</strong></span> <span class='ocrx_word' id='word_1_249' title='bbox 975 3361 1010 3419; x_wconf 85' lang='lat'><strong>3:</strong></span> <span class='ocrx_word' id='word_1_250' title='bbox 1039 3377 1120 3432; x_wconf 80' lang='lat' dir='ltr'><strong>eeqoo</strong></span> <span class='ocrx_word' id='word_1_251' title='bbox 1141 3351 1343 3437; x_wconf 52' lang='lat' dir='ltr'><strong>rosamque).</strong></span> <span class='ocrx_word' id='word_1_252' title='bbox 1365 3355 1452 3416; x_wconf 84' lang='lat' dir='ltr'><strong>Mad·</strong></span> 
     </span>
     <span class='ocr_line' id='line_1_30' title="bbox 264 3451 1455 3550; baseline -0.001 -25"><span class='ocrx_word' id='word_1_253' title='bbox 264 3451 270 3464; x_wconf 58' lang='lat'>¹</span> <span class='ocrx_word' id='word_1_254' title='bbox 309 3465 406 3544; x_wconf 85' lang='lat' dir='ltr'><strong>vigius</strong></span> <span class='ocrx_word' id='word_1_255' title='bbox 430 3473 530 3527; x_wconf 82' lang='lat' dir='ltr'><strong>cutem</strong></span> <span class='ocrx_word' id='word_1_256' title='bbox 552 3468 578 3525; x_wconf 89' lang='lat' dir='ltr'><strong>si</strong></span> <span class='ocrx_word' id='word_1_257' title='bbox 600 3463 798 3550; x_wconf 78' lang='lat' dir='ltr'><strong>contendit⁴)‚</strong></span> <span class='ocrx_word' id='word_1_258' title='bbox 821 3489 873 3542; x_wconf 73' lang='lat' dir='ltr'><strong>ooo</strong></span> <span class='ocrx_word' id='word_1_259' title='bbox 894 3499 937 3512; x_wconf 90' lang='lat'>-</span> <span class='ocrx_word' id='word_1_260' title='bbox 960 3487 1012 3541; x_wconf 77' lang='lat' dir='ltr'><strong>que</strong></span> <span class='ocrx_word' id='word_1_261' title='bbox 1032 3485 1094 3526; x_wconf 92' lang='lat' dir='ltr'><strong>non</strong></span> <span class='ocrx_word' id='word_1_262' title='bbox 1115 3465 1243 3526; x_wconf 83' lang='lat' dir='ltr'><strong>inveniri</strong></span> <span class='ocrx_word' id='word_1_263' title='bbox 1267 3465 1325 3524; x_wconf 89' lang='lat' dir='ltr'><strong>nisi</strong></span> <span class='ocrx_word' id='word_1_264' title='bbox 1346 3463 1378 3524; x_wconf 88' lang='lat' dir='ltr'><strong>in</strong></span> <span class='ocrx_word' id='word_1_265' title='bbox 1392 3466 1455 3524; x_wconf 89' lang='lat' dir='ltr'><strong>sin·</strong></span> 
     </span>
    </p>

    <p class='ocr_par' dir='ltr' id='par_1_5' title="bbox 314 3698 1457 3860">
     <span class='ocr_line' id='line_1_31' title="bbox 387 3698 1457 3771; baseline -0.006 -17"><span class='ocrx_word' id='word_1_266' title='bbox 387 3700 416 3771; x_wconf 85' lang='lat' dir='ltr'><strong>s)</strong></span> <span class='ocrx_word' id='word_1_267' title='bbox 434 3703 497 3753; x_wconf 79' lang='lat' dir='ltr'><strong>Atius</strong></span> <span class='ocrx_word' id='word_1_268' title='bbox 516 3701 579 3755; x_wconf 85' lang='lat' dir='ltr'><strong>iocus</strong></span> <span class='ocrx_word' id='word_1_269' title='bbox 597 3719 693 3769; x_wconf 80' lang='lat' dir='ltr'><strong>prorsus</strong></span> <span class='ocrx_word' id='word_1_270' title='bbox 713 3717 841 3766; x_wconf 77' lang='lat' dir='ltr'><strong>congruens</strong></span> <span class='ocrx_word' id='word_1_271' title='bbox 859 3704 904 3753; x_wconf 83' lang='lat' dir='ltr'><strong>sub</strong></span> <span class='ocrx_word' id='word_1_272' title='bbox 923 3703 992 3752; x_wconf 82' lang='lat' dir='ltr'><strong>tinem</strong></span> <span class='ocrx_word' id='word_1_273' title='bbox 1011 3701 1092 3766; x_wconf 83' lang='lat' dir='ltr'><strong>cupitis</strong></span> <span class='ocrx_word' id='word_1_274' title='bbox 1110 3700 1184 3764; x_wconf 88' lang='lat' dir='ltr'><strong>quinti</strong></span> <span class='ocrx_word' id='word_1_275' title='bbox 1202 3701 1225 3750; x_wconf 89' lang='lat' dir='ltr'><strong>in</strong></span> <span class='ocrx_word' id='word_1_276' title='bbox 1242 3698 1353 3762; x_wconf 87' lang='lat' dir='ltr'><strong>judicium</strong></span> <span class='ocrx_word' id='word_1_277' title='bbox 1372 3713 1457 3748; x_wconf 70' lang='lat' dir='ltr'><strong>voun-</strong></span> 
     </span>
     <span class='ocr_line' id='line_1_32' title="bbox 314 3793 1000 3860; baseline -0.003 -14"><span class='ocrx_word' id='word_1_278' title='bbox 314 3796 358 3846; x_wconf 82' lang='lat' dir='ltr'><strong>dus</strong></span> <span class='ocrx_word' id='word_1_279' title='bbox 376 3795 427 3858; x_wconf 82' lang='lat' dir='ltr'><strong>etit,</strong></span> <span class='ocrx_word' id='word_1_280' title='bbox 446 3808 516 3860; x_wconf 82' lang='lat' dir='ltr'><strong>quere</strong></span> <span class='ocrx_word' id='word_1_281' title='bbox 534 3795 570 3846; x_wconf 88' lang='lat' dir='ltr'><strong>hic</strong></span> <span class='ocrx_word' id='word_1_282' title='bbox 589 3796 617 3846; x_wconf 88' lang='lat' dir='ltr'><strong>dc</strong></span> <span class='ocrx_word' id='word_1_283' title='bbox 635 3811 665 3847; x_wconf 89' lang='lat' dir='ltr'><strong>eo</strong></span> <span class='ocrx_word' id='word_1_284' title='bbox 681 3795 795 3846; x_wconf 81' lang='lat' dir='ltr'><strong>silendum</strong></span> <span class='ocrx_word' id='word_1_285' title='bbox 813 3807 864 3845; x_wconf 85' lang='lat' dir='ltr'><strong>esse</strong></span> <span class='ocrx_word' id='word_1_286' title='bbox 883 3793 1000 3858; x_wconf 76' lang='lat' dir='ltr'><strong>putabam.</strong></span> 
     </span>
    </p>

    <p class='ocr_par' dir='ltr' id='par_1_6' title="bbox 316 3881 1460 4239">
     <span class='ocr_line' id='line_1_33' title="bbox 386 3881 1457 3954; baseline -0.007 -16"><span class='ocrx_word' id='word_1_287' title='bbox 386 3886 416 3953; x_wconf 78' lang='lat'><strong>2)</strong></span> <span class='ocrx_word' id='word_1_288' title='bbox 437 3889 494 3940; x_wconf 86' lang='lat' dir='ltr'><strong>Nun</strong></span> <span class='ocrx_word' id='word_1_289' title='bbox 520 3889 581 3954; x_wconf 86' lang='lat' dir='ltr'><strong>quod</strong></span> <span class='ocrx_word' id='word_1_290' title='bbox 604 3890 663 3938; x_wconf 77' lang='lat' dir='ltr'><strong>Anu.</strong></span> <span class='ocrx_word' id='word_1_291' title='bbox 686 3888 723 3950; x_wconf 79' lang='lat' dir='ltr'><strong>vt,</strong></span> <span class='ocrx_word' id='word_1_292' title='bbox 747 3887 782 3938; x_wconf 78' lang='lat' dir='ltr'><strong>te</strong></span> <span class='ocrx_word' id='word_1_293' title='bbox 810 3893 895 3938; x_wconf 72' lang='lat' dir='ltr'><strong>anetus</strong></span> <span class='ocrx_word' id='word_1_294' title='bbox 922 3887 1072 3954; x_wconf 60' lang='lat' dir='ltr'><strong>portuque</strong></span> <span class='ocrx_word' id='word_1_295' title='bbox 1097 3885 1234 3935; x_wconf 71' lang='lat' dir='ltr'><strong>demontus</strong></span> <span class='ocrx_word' id='word_1_296' title='bbox 1261 3881 1457 3946; x_wconf 70' lang='lat' dir='ltr'><strong>interfectosque</strong></span> 
     </span>
     <span class='ocr_line' id='line_1_34' title="bbox 317 3973 1459 4050; baseline -0.013 -14"><span class='ocrx_word' id='word_1_297' title='bbox 317 3986 365 4044; x_wconf 77' lang='lat' dir='ltr'><strong>eet,</strong></span> <span class='ocrx_word' id='word_1_298' title='bbox 382 3983 446 4048; x_wconf 80' lang='lat' dir='ltr'><strong>prius</strong></span> <span class='ocrx_word' id='word_1_299' title='bbox 465 4000 512 4050; x_wconf 80' lang='lat' dir='ltr'><strong>que</strong></span> <span class='ocrx_word' id='word_1_300' title='bbox 528 3982 560 4034; x_wconf 82' lang='lat' dir='ltr'><strong>ite</strong></span> <span class='ocrx_word' id='word_1_301' title='bbox 572 3981 729 4046; x_wconf 76' lang='lat' dir='ltr'><strong>accipiendum</strong></span> <span class='ocrx_word' id='word_1_302' title='bbox 747 3989 790 4043; x_wconf 86' lang='lat' dir='ltr'><strong>est,</strong></span> <span class='ocrx_word' id='word_1_303' title='bbox 808 3985 834 4032; x_wconf 85' lang='lat' dir='ltr'><strong>ut</strong></span> <span class='ocrx_word' id='word_1_304' title='bbox 852 3987 924 4032; x_wconf 81' lang='lat' dir='ltr'><strong>totum</strong></span> <span class='ocrx_word' id='word_1_305' title='bbox 941 3980 1081 4030; x_wconf 70' lang='lat' dir='ltr'><strong>cocuntium</strong></span> <span class='ocrx_word' id='word_1_306' title='bbox 1090 3978 1203 4030; x_wconf 73' lang='grc' dir='ltr'>ιᾱιιοιιιι.</span> <span class='ocrx_word' id='word_1_307' title='bbox 1239 3974 1378 4025; x_wconf 72' lang='lat' dir='ltr'><strong>Vocabulum</strong></span> <span class='ocrx_word' id='word_1_308' title='bbox 1396 3973 1459 4023; x_wconf 87' lang='lat' dir='ltr'><strong>enim</strong></span> 
     </span>
     <span class='ocr_line' id='line_1_35' title="bbox 318 4066 1459 4149; baseline -0.008 -25"><span class='ocrx_word' id='word_1_309' title='bbox 318 4076 379 4140; x_wconf 79' lang='lat' dir='ltr'><strong>qnod</strong></span> <span class='ocrx_word' id='word_1_310' title='bbox 397 4075 523 4126; x_wconf 80' lang='lat' dir='ltr'><strong>antecedit:</strong></span> <span class='ocrx_word' id='word_1_311' title='bbox 552 4085 642 4149; x_wconf 70' lang='lat' dir='ltr'><strong>ruptos</strong></span> <span class='ocrx_word' id='word_1_312' title='bbox 666 4089 713 4125; x_wconf 91' lang='lat' dir='ltr'><strong>uon</strong></span> <span class='ocrx_word' id='word_1_313' title='bbox 732 4073 844 4140; x_wconf 79' lang='lat' dir='ltr'><strong>participii</strong></span> <span class='ocrx_word' id='word_1_314' title='bbox 863 4073 913 4126; x_wconf 85' lang='lat' dir='ltr'><strong>vice</strong></span> <span class='ocrx_word' id='word_1_315' title='bbox 927 4072 1040 4138; x_wconf 74' lang='lat' dir='ltr'><strong>¹iungitur,</strong></span> <span class='ocrx_word' id='word_1_316' title='bbox 1069 4071 1111 4122; x_wconf 85' lang='lat' dir='ltr'><strong>sed</strong></span> <span class='ocrx_word' id='word_1_317' title='bbox 1129 4070 1222 4121; x_wconf 82' lang='lat' dir='ltr'><strong>tertium</strong></span> <span class='ocrx_word' id='word_1_318' title='bbox 1240 4083 1302 4133; x_wconf 78' lang='lat' dir='ltr'><strong>pers.</strong></span> <span class='ocrx_word' id='word_1_319' title='bbox 1326 4066 1385 4129; x_wconf 71' lang='lat' dir='ltr'><strong>sing.</strong></span> <span class='ocrx_word' id='word_1_320' title='bbox 1399 4067 1459 4130; x_wconf 80' lang='lat' dir='ltr'><strong>pori.</strong></span> 
     </span>
     <span class='ocr_line' id='line_1_36' title="bbox 316 4157 1460 4239; baseline -0.01 -21"><span class='ocrx_word' id='word_1_321' title='bbox 316 4167 408 4228; x_wconf 78' lang='lat' dir='ltr'><strong>indicet,</strong></span> <span class='ocrx_word' id='word_1_322' title='bbox 434 4167 481 4218; x_wconf 85' lang='lat' dir='ltr'><strong>sivo</strong></span> <span class='ocrx_word' id='word_1_323' title='bbox 505 4168 600 4239; x_wconf 68' lang='lat' dir='ltr'><strong>tegimus</strong></span> <span class='ocrx_word' id='word_1_324' title='bbox 625 4168 821 4234; x_wconf 71' lang='lat' dir='ltr'><strong>interfectusque</strong></span> <span class='ocrx_word' id='word_1_325' title='bbox 843 4175 887 4228; x_wconf 78' lang='lat' dir='ltr'><strong>est,</strong></span> <span class='ocrx_word' id='word_1_326' title='bbox 913 4166 961 4218; x_wconf 82' lang='lat' dir='ltr'><strong>eive</strong></span> <span class='ocrx_word' id='word_1_327' title='bbox 983 4165 1189 4232; x_wconf 71' lang='lat' dir='ltr'><strong>interfectusque,</strong></span> <span class='ocrx_word' id='word_1_328' title='bbox 1217 4170 1241 4212; x_wconf 84' lang='lat' dir='ltr'><strong>ct</strong></span> <span class='ocrx_word' id='word_1_329' title='bbox 1259 4159 1321 4225; x_wconf 88' lang='lat' dir='ltr'><strong>qnod</strong></span> <span class='ocrx_word' id='word_1_330' title='bbox 1344 4157 1460 4209; x_wconf 77' lang='lat' dir='ltr'><strong>Medicens</strong></span> 
     </span>
    </p>
   </div>
   <div class='ocr_carea' id='block_1_5' title="bbox 318 4261 420 4326">
    <p class='ocr_par' dir='ltr' id='par_1_7' title="bbox 318 4261 420 4326">
     <span class='ocr_line' id='line_1_37' title="bbox 318 4261 420 4326; baseline -0.02 -14"><span class='ocrx_word' id='word_1_331' title='bbox 318 4261 420 4326; x_wconf 79' lang='lat' dir='ltr'><strong>praehet.</strong></span> 
     </span>
    </p>
   </div>
   <div class='ocr_carea' id='block_1_6' title="bbox 392 4347 1343 4514">
    <p class='ocr_par' dir='ltr' id='par_1_8' title="bbox 392 4347 1343 4514">
     <span class='ocr_line' id='line_1_38' title="bbox 394 4347 1343 4422; baseline -0.012 -16"><span class='ocrx_word' id='word_1_332' title='bbox 394 4354 425 4421; x_wconf 83' lang='lat'><strong>3)</strong></span> <span class='ocrx_word' id='word_1_333' title='bbox 444 4355 500 4405; x_wconf 84' lang='lat' dir='ltr'><strong>Soti.</strong></span> <span class='ocrx_word' id='word_1_334' title='bbox 516 4355 566 4417; x_wconf 75' lang='lat' dir='ltr'><strong>sug.</strong></span> <span class='ocrx_word' id='word_1_335' title='bbox 588 4355 634 4406; x_wconf 81' lang='lat' dir='ltr'><strong>to:</strong></span> <span class='ocrx_word' id='word_1_336' title='bbox 654 4371 739 4422; x_wconf 82' lang='lat' dir='ltr'><strong>meque</strong></span> <span class='ocrx_word' id='word_1_337' title='bbox 756 4369 918 4420; x_wconf 57' lang='lat' dir='ltr'><strong>coenumque,</strong></span> <span class='ocrx_word' id='word_1_338' title='bbox 937 4351 976 4402; x_wconf 91' lang='lat' dir='ltr'><strong>ubi</strong></span> <span class='ocrx_word' id='word_1_339' title='bbox 995 4351 1046 4401; x_wconf 81' lang='lat' dir='ltr'><strong>vido</strong></span> <span class='ocrx_word' id='word_1_340' title='bbox 1064 4347 1142 4400; x_wconf 81' lang='lat' dir='ltr'><strong>nriuti</strong></span> <span class='ocrx_word' id='word_1_341' title='bbox 1161 4347 1343 4398; x_wconf 79' lang='lat' dir='ltr'><strong>adnotationem.</strong></span> 
     </span>
     <span class='ocr_line' id='line_1_39' title="bbox 392 4439 846 4514; baseline -0.013 -16"><span class='ocrx_word' id='word_1_342' title='bbox 392 4443 424 4514; x_wconf 82' lang='lat'><strong>4)</strong></span> <span class='ocrx_word' id='word_1_343' title='bbox 442 4439 542 4497; x_wconf 72' lang='lat' dir='ltr'><strong>tisun.</strong></span> <span class='ocrx_word' id='word_1_344' title='bbox 563 4447 601 4498; x_wconf 86' lang='grc' dir='ltr'>Ιιι.</span> <span class='ocrx_word' id='word_1_345' title='bbox 621 4443 647 4512; x_wconf 82' lang='lat'><strong>§.</strong></span> <span class='ocrx_word' id='word_1_346' title='bbox 666 4445 727 4506; x_wconf 75' lang='lat'><strong>435,</strong></span> <span class='ocrx_word' id='word_1_347' title='bbox 748 4444 800 4495; x_wconf 81' lang='lat' dir='ltr'><strong>adu.</strong></span> <span class='ocrx_word' id='word_1_348' title='bbox 823 4444 846 4492; x_wconf 91' lang='lat'><strong>1.</strong></span> 
     </span>
    </p>
   </div>
   <div class='ocr_carea' id='block_1_7' title="bbox 0 0 1635 5252">
    <p class='ocr_par' dir='ltr' id='par_1_9' title="bbox 0 0 1635 5252">
     <span class='ocr_line' id='line_1_40' title="bbox 0 0 1635 5252; baseline 0 0"><span class='ocrx_word' id='word_1_349' title='bbox 0 0 1635 5252; x_wconf 95' lang='lat' dir='ltr'><strong> </strong></span> 
     </span>
    </p>
   </div>
  </div>
 </body>
</html>
