3188 5252
649 292 691 351 st

180 459 308 520 Variaut
330 472 356 519 rt
370 469 401 521 et
422 473 506 537 atqua
521 461 587 523 siue
610 461 674 522 ullo
687 460 1108 539 significaticuiadiscrimiue.
1136 461 1239 524 Germ.

95 567 152 625 37:
182 571 295 624 &arua
328 587 362 624 ac
383 571 460 626 Nera
488 577 513 624 ct
535 563 728 626 aarum.
753 567 851 652 ,Hira
875 567 930 639 lv,
955 569 1013 627 73:
1042 571 1130 628 libido
1153 580 1238 642 masse

94 677 220 732 waritia
249 685 274 732 ct
295 681 449 733 mutuarias
476 680 552 734 cedia
574 697 661 735 aanor.
705 673 786 736 dun.
808 675 861 747 lv,
893 676 950 736 26:
978 696 1068 748 reama
1089 687 1114 734 at
1135 678 1238 735 eodum

92 791 175 853 muas
196 783 323 840 amiam.
367 781 447 844 Hist.
471 781 572 856 ΙΙ,.4;
604 784 713 840 aemilia
742 785 854 855 utrium
883 785 1034 842 octauum
1064 787 1236 858 alarumque,

92 899 117 944 at
138 892 243 948 classes
273 909 404 962 sequutae
432 911 467 948 ac
487 909 585 950 auram
605 891 720 964 «lupari
742 897 831 963 samu
852 893 965 949 calabra
1009 887 1090 952 Hist.
1111 888 1156 963 11,
1179 891 1235 952 82:

88 1014 162 1067 para
189 997 334 1070 copiarum
362 999 640 1055 constructam
669 1006 695 1053 at
722 1000 890 1070 Vespasiani
918 1016 1015 1056 masau
1043 1001 1236 1056 acaibilar·

1 1115 2 1122 ’
92 1107 178 1159 daura
205 1105 285 1173 satia.
327 1103 351 1185 Ι,
383 1105 439 1163 7οε
475 1107 669 1164 Mediolanum
699 1124 734 1161 ac
764 1108 921 1163 Nouariam
952 1115 978 1162 at
1007 1107 1182 1179 &wadiam
1210 1116 1235 1162 et

98 1204 282 1288 Vacunae).

177 1334 286 1396 Paullo
315 1337 432 1397 cautius
461 1317 654 1398 statuendum
687 1343 734 1396 est
756 1333 795 1395 de
817 1335 855 1394 iis
877 1333 968 1410 locis,
996 1334 1047 1395 ubi
1068 1334 1236 1416 particulae
1345 1351 1349 1358 ·

92 1453 116 1498 at
138 1460 173 1501 ac
196 1463 249 1517 qua
270 1461 303 1503 ae
326 1443 491 1522 excipiunt.
535 1442 727 1522 Quamquam
761 1442 840 1502 cuim
875 1439 1040 1502 multifarie
1062 1441 1235 1518 significati·

91 1566 149 1608 une
171 1548 275 1611 valeut
296 1569 420 1629 prorsus
441 1552 518 1630 pari,
548 1559 649 1611 tamea
672 1571 724 1624 qus
746 1547 897 1610 interdum
927 1547 1084 1609 arctiorem
1108 1548 1234 1609 duorum

91 1653 292 1716 membrorum
322 1676 431 1718 noxum
454 1655 576 1719 iudicat.
621 1656 672 1716 Sic
694 1655 777 1715 Hist.
800 1653 829 1735 1,
859 1656 916 1717 68:
949 1659 1085 1714 Raeticae
1106 1659 1171 1714 alca
1191 1677 1234 1714 aa

91 1768 234 1839 bonaque
255 1777 280 1824 et
307 1767 430 1840 mamm
458 1769 611 1825 Raetorum
626 1769 770 1837 juventas.
816 1761 873 1835 lv,
907 1761 965 1822 58:
998 1769 1049 1820 aad
1069 1775 1109 1822 art
1128 1767 1235 1825 cauam

90 1875 216 1946 murique
237 1885 263 1930 at
282 1875 415 1931 teobaudi
434 1883 516 1932 artas.
561 1871 677 1933 Contra
698 1871 779 1931 Hist.
801 1869 861 1944 111,
892 1871 949 1931 30:
977 1873 1103 1928 trabibm
1123 1875 1234 1944 taculu-

90 2000 141 2052 qae
164 1991 190 2038 et
206 1983 323 2053 sactum
350 1978 518 2060 particulae
545 1999 599 2054 que
618 1990 645 2037 ot
666 1996 780 2059 aequae
802 1985 904 2058 partas
926 1976 1085 2049 sustinent,
1119 1977 1233 2036 iuraui·

90 2097 199 2166 turque
228 2085 304 2146 baec
321 2088 465 2164 junctura
495 2105 586 2167 quum
619 2087 695 2146 aliae
718 2104 810 2165 saepe
831 2093 894 2146 tum
918 2085 1105 2164 saepissima,
1134 2085 1160 2143 ai
1182 2104 1234 2143 uo-

91 2192 171 2250 mina
193 2199 342 2252 terrarum
364 2193 413 2252 vel
436 2193 571 2272 gentium
594 2201 818 2266 enumerantur,
840 2201 874 2253 ut
895 2191 976 2252 IIiat.
993 2191 1049 2265 ΙΙΙ,
1072 2194 1129 2252 59:
1152 2195 1234 2251 Sam·

89 2301 133 2356 ais
161 2301 346 2372 Paliyaasqua
375 2309 400 2356 at
436 2301 538 2358 Marsi.
595 2298 657 2370 ΙΙΙ,
693 2303 750 2361 7οτ
788 2303 938 2374 Hispaniis
966 2303 1192 2372 Germaniisque
1208 2310 1234 2356 et

89 2408 263 2464 Brittannia.
308 2405 364 2477 lv,
386 2403 442 2464 25:
465 2409 580 2463 Gallias
602 2408 849 2478 Britanniamque
870 2415 895 2462 at
917 2409 1085 2480 Hispaniae,
1107 2405 1174 2464 aliie
1189 2405 1232 2462 lc-

89 2515 131 2572 cia
153 2530 280 2594 quorum
302 2529 444 2572 uumerus
465 2510 609 2572 abundat.
653 2512 733 2587 Quin
756 2521 787 2571 et
809 2511 890 2582 locis,
923 2513 1028 2590 quales
1059 2519 1128 2570 suut
1152 2512 1231 2572 Aua.

1 2671 2 2690 ,
90 2619 115 2693 Ι,
137 2621 195 2681 54:
230 2623 354 2680 liberius
375 2625 539 2694 Dramatic
563 2631 588 2679 ct
611 2622 750 2679 aaudiat
773 2627 799 2676 at
821 2621 1011 2692 damascus,
1043 2625 1134 2696 atque
1157 2619 1232 2678 Anu.

1 2713 9 2774 '-
89 2725 151 2802 111,
177 2727 236 2786 1⁸:
268 2729 377 2785 uaeas
404 2737 430 2784 a
451 2730 593 2800 acaum
618 2738 643 2784 a
664 2729 805 2784 Amarae
826 2734 852 2783 a
874 2727 1051 2801 rutupina
1072 2729 1231 2798 nasoque,

88 2830 161 2892 uibil
184 2828 267 2890 aliud
288 2829 381 2890 elficit
414 2853 466 2907 que
487 2853 578 2914 quam
605 2831 772 2912 particulae
803 2847 881 2910 quae
902 2828 1097 2910 praecedunt.
1140 2828 1232 2889 Addo

25 2931 28 2942 ’
87 2939 195 3012 locum,
218 2937 269 2999 ubi
284 2958 388 3000 omues
410 2948 472 3000 tres
494 2941 723 3019 conjunctiones
733 2933 888 3016 legunturi
911 2941 989 2998 Anu.
1011 2937 1118 3009 11‚60:
1142 2943 1233 3012 Ιλόμα

87 3049 238 3121 Aethiopia
261 3051 408 3124 Medoque
429 3060 455 3106 at
477 3051 571 3108 Parsia
592 3060 618 3107 at
639 3051 797 3106 Bactriano
818 3065 853 3105 ac
873 3047 978 3119 Scytha
998 3049 1123 3120 potitam
1146 3067 1229 3121 quaa·

87 3175 138 3228 qua
159 3145 226 3214 cet.¹
380 3163 384 3172 “

173 3281 266 3343 Putet
287 3302 326 3343 ex
347 3294 455 3346 natura
477 3285 703 3357 sententiarum,
727 3301 819 3364 quum
842 3279 978 3361 pluribus
1001 3257 1142 3341 membris
1164 3281 1230 3358 pari

86 3387 176 3449 modo
214 3391 383 3467 coujuuctia
413 3397 563 3471 coustant,
592 3398 779 3468 postremum
809 3387 977 3449 membrum
1010 3405 1230 3466 saepenumero

86 3496 172 3575 quasi
202 3496 367 3557 clausulam
397 3495 547 3577 quandam
579 3496 723 3575 majorem
745 3496 927 3572 gravitatem
950 3495 1094 3573 arripere.
1139 3492 1230 3569 Quod

86 3623 178 3681 quum
200 3602 253 3662 tiat
273 3603 299 3662 ei
323 3605 423 3664 omnia
443 3602 560 3685 copulis
581 3622 719 3664 conuexa
740 3611 882 3678 exstant,'
900 3613 963 3662 tum
986 3602 1119 3661 maxime
1141 3603 1229 3661 seuti-

85 3718 134 3768 tur
153 3709 179 3768 ei
208 3708 346 3769 ultimum
378 3719 494 3772 tautum
529 3709 679 3792 particuli
702 3708 887 3788 adjungitur.
933 3707 1066 3768 Possunt
1087 3727 1162 3768 vero
1184 3706 1230 3766 di·

86 3814 199 3892 stingui
223 3816 283 3874 tria
304 3833 427 3894 gauere.
471 3815 606 3876 Primum
629 3814 706 3890 dico,
729 3816 755 3874 ei
777 3813 949 3892 generalius
973 3812 1126 3910 quoddam
1140 3831 1229 3872 voca-

84 3921 186 3985 bulum
210 3924 243 3983 iu
272 3923 331 3984 tiue
354 3922 485 3999 additur,
518 3921 600 4005 quod
630 3932 684 3984 aut
712 3925 813 3986 omnia
848 3943 926 4010 quae
958 3922 1038 3984 dicta
1067 3929 1137 3982 suut
1168 3939 1228 3981 unc

84 4030 445 4111 uomiuc'complectitur,
473 4039 527 4091 aut
549 4050 586 4092 ea
607 4039 724 4092 tautum
747 4049 827 4110 quac
848 4038 964 4090 restant
987 4029 1115 4089 necdum
1134 4029 1230 4089 uomi-

85 4147 154 4198 nata
177 4145 258 4199 suut.
301 4137 437 4197 Priorem
468 4137 600 4216 speciem
632 4135 767 4197 declarat
800 4137 882 4198 nist.
905 4136 961 4210 lv,
998 4140 1030 4198 1:
1066 4140 1166 4210 utiquc
1187 4141 1229 4193 lu-

157 4335 184 4398 1)
203 4334 252 4386 lloc
269 4334 319 4384 loco
338 4348 378 4384 cur
395 4334 471 4400 plures
492 4333 591 4383 editores
610 4333 744 4383 llbauauum
762 4332 834 4382 secuti
852 4331 914 4392 siut,
943 4330 982 4395 qui
1012 4329 1142 4380 scribitur
1166 4328 1230 4380 l'sr-

84 4427 160 4481 cellas
177 4429 268 4490 ignoro.

924 4518 941 4576 'l
