3188 5252
841 268 902 330 tot

297 445 406 506 fastam
430 463 506 508 osse.
552 445 618 505 Neo
640 443 728 505 aliter
750 441 898 502 sehabet
920 441 1003 502 loeus
1025 441 1106 502 Hist
1131 439 1186 512 ΠΙ,
1209 441 1269 500 69:
1300 441 1449 500 modicum

297 558 337 612 ibs‘
353 559 492 628 proelium
512 557 663 628 improseo
683 556 808 625 tumulto,
830 557 880 610 sed
898 555 1063 626 prosperum
1090 552 1245 610 Vitellianis
1257 552 1336 622 soit‚·
1369 567 1446 608 uam

297 661 433 720 involuta
455 669 501 720 est
523 660 615 740 priori
637 659 804 719 sententiae
827 657 979 735 cogitatio,
1001 656 1136 736 potuisse
1158 655 1304 734 proelium
1326 652 1447 714 babere

301 779 443 830 eventum
466 769 639 829 Vitellianis
661 767 897 846 improspsrnm‚
929 784 965 824 ea
994 783 1070 844 quse
1098 763 1267 842 insequenti
1288 762 1448 822 sententie

199 915 201 922 ·
299 877 422 937 tollitur.
465 877 578 938 Verum
601 875 789 952 intelligitur,
813 873 1017 936 difficillimum
1041 891 1125 944 esse,
1157 871 1208 932 vel
1230 871 1351 930 omniuo
1373 869 1445 930 lieri

301 1005 359 1045 non
383 1004 480 1064 posse,
504 992 537 1044 ut
559 983 596 1044 de
620 983 738 1060 legibus
760 1002 836 1063 qnos
866 980 921 1041 hao
943 982 974 1040 in
996 989 1169 1042 sesebutus
1191 980 1231 1038 sit
1252 977 1374 1038 Tacitus
1399 976 1445 1035 ad

299 1094 417 1153 firmum
445 1090 590 1170 judicium
621 1090 842 1171 perveniamus.
873 1121 917 1134 -·
960 1087 1114 1148 Interdum
1145 1087 1266 1147 vincula
1296 1104 1444 1146 sensuum

301 1210 363 1261 tem
393 1212 474 1260 arete
502 1219 537 1259 ao
566 1218 673 1260 severe
701 1198 959 1274 constringuntur,
997 1204 1031 1256 ut
1061 1194 1211 1276 quomodo
1247 1194 1445 1267 cohaereant,

302 1310 359 1369 nisi
389 1310 566 1388 interpositi
595 1307 755 1386 cogitando
791 1307 939 1368 sententid
968 1305 1071 1364 sentiri
1098 1324 1158 1366 non
1188 1305 1294 1383 possit.
1348 1300 1445 1376 Quod

302 1425 333 1478 et
354 1418 412 1498 ipsi
429 1419 571 1496 junctura
592 1415 813 1489 vocabulorum,
834 1435 912 1495 quae
934 1421 1002 1476 ests
1018 1420 1069 1472 sed
1089 1417 1161 1472 enim
1175 1411 1273 1472 solent
1293 1412 1446 1471 denotare

302 1527 444 1600 Romani,
476 1545 577 1586 verum
600 1526 724 1585 Tacitus
751 1543 870 1603 semper
893 1521 973 1582 nude
996 1528 1047 1581 sed
1068 1528 1226 1581 contentus
1249 1528 1304 1580 est.
1357 1519 1446 1579 Hist.

304 1635 329 1708 1,
353 1634 406 1695 15:
438 1639 490 1693 red
509 1638 649 1708 Aureolos
677 1640 735 1693 oet.
771 1632 799 1691 h.
823 1651 849 1690 e.
881 1636 931 1690 sed
963 1627 1013 1711 [ex
1043 1638 1129 1708 perte
1161 1626 1290 1710 quadam
1319 1627 1447 1687 divorsa

304 1750 351 1802 est
380 1741 453 1801 haeo
476 1761 543 1800 mes
573 1741 695 1820 adeptio
728 1739 766 1800 sb
788 1738 918 1816 Augusti
942 1735 1023 1820 nam]
1055 1742 1195 1812 Aequum
1224 1747 1280 1798 cet.
1302 1739 1361 1796 49:
1391 1743 1449 1796 sed

303 1853 420 1909 alorites
440 1856 496 1908 oet.
517 1847 548 1907 h.
571 1868 597 1921 e,
619 1855 669 1907 aed
691 1842 776 1933 [baso
798 1847 887 1906 aliter
898 1845 1130 1925 accipiebantur,
1152 1841 1233 1926 nam]
1257 1848 1447 1902 olm-iturust.

304 1953 386 2014 Ann.
406 1947 487 2024 le,
512 1955 549 2012 7:
571 1957 708 2027 usquein
729 1958 839 2027 bonum
867 1958 987 2014 dilatum
1008 1964 1067 2023 αις
1101 1956 1152 2010 sed
1179 1953 1295 2008 Silanae
1322 1953 1447 2008 additur

305 2069 363 2120 oet.
391 2093 429 2106 -
452 2060 496 2120 Ut
518 2059 674 2139 aliquoties
697 2061 840 2120 attributo
863 2059 980 2119 cuidem
1003 2058 1092 2144 aliam
1116 2049 1293 2118 sententiam
1315 2051 1446 2115 attribu-

304 2168 397 2226 tivam
421 2175 451 2226 et
472 2168 627 2227 relativam
651 2185 706 2245 per
727 2166 903 2245 particulam
926 2178 950 2224 et
973 2164 1097 2243 adjungi
1119 2183 1208 2243 supra
1230 2162 1377 2240 vidimus,
1401 2163 1449 2222 sie

304 2275 392 2335 etiam
418 2276 602 2334 enuntiatum
626 2274 782 2334 relativum
806 2273 887 2353 qued
905 2281 1024 2333 ooerost
1045 2291 1100 2351 per
1115 2278 1165 2332 sed
1186 2271 1357 2352 apponitur.
1372 2290 1448 2330 ann.

305 2383 397 2462 Xffl,
421 2385 478 2443 25:
500 2387 595 2442 Julius
616 2387 769 2442 Montanus
790 2386 924 2442 senatorii
955 2386 1079 2456 oreimis,
1113 2387 1163 2440 sed
1184 2384 1374 2454 qainondam
1396 2384 1447 2439 lle·

306 2513 399 2552 norem
420 2496 588 2566 aspersisset.
634 2487 709 2550 Anu.
732 2484 793 2565 Xl,
818 2493 873 2552 38:
898 2495 1012 2551 teneas
1034 2492 1160 2565 widem,
1181 2496 1232 2548 sed
1253 2510 1284 2547 ee
1312 2492 1374 2562 φάε
1395 2495 1447 2548 de-

304 2603 420 2658 sem-imo
440 2609 582 2658 orerentur
591 2593 621 2677 ¹).
657 2629 699 2642 --
742 2597 775 2656 st
808 2599 970 2675 conjuncte
1002 2597 1197 2656 inveniuntur
1224 2602 1275 2654 red
1304 2603 1396 2674 atque
1419 2607 1448 2653 et

306 2704 419 2788 (etiem)
441 2706 506 2765 fieri
530 2712 649 2784 potest,
671 2714 704 2764 ut
727 2705 756 2764 vi
779 2704 925 2764 enuntiati
948 2702 1153 2763 antecedentis
1184 2721 1291 2781 reapse
1313 2702 1447 2761 coercita

306 2832 412 2872 sensus
435 2815 464 2872 in
487 2814 660 2872 universum
684 2811 832 2871 dilatetur.
880 2809 983 2870 Germ.
1005 2813 1041 2870 8:
1069 2814 1190 2870 uidimus
1216 2815 1266 2868 mh
1298 2814 1364 2870 dieo
1394 2815 1446 2870 Ve-

304 2923 440 2992 spasiano
468 2924 613 2994 Veledam,
650 2922 701 2977 dio
730 2924 809 2992 apud
826 2923 973 2993 plerosque
994 2921 1114 2976 nominis
1142 2922 1201 2977 loeo
1222 2921 1364 2988 iobitonsr
1395 2924 1448 2976 sed

307 3039 333 3086 el
354 3030 420 3087 olim
440 3031 596 3086 Albrunam
617 3039 643 3085 et
663 3030 812 3101 compte-ir
833 3031 908 3086 olias
928 3029 1052 3085 reserati
1070 3036 1142 3084 eunt.
1186 3023 1233 3084 Ol.
1258 3028 1306 3096 12,
1331 3026 1382 3083 22.
1402 3057 1447 3068 -

309 3133 370 3194 Sed
391 3133 553 3193 multifarie
576 3133 712 3211 dignosci
733 3133 786 3192 vix
808 3151 916 3211 posse,
946 3142 1045 3192 utrum
1077 3139 1214 3190 oesroeat
1237 3137 1287 3190 sod
1308 3129 1357 3189 rel
1380 3137 1448 3189 tan-

308 3251 371 3302 turn
394 3253 536 3322 opponat,
560 3260 651 3318 supro
667 3241 732 3319 jam
756 3242 925 3300 monuimus
947 3235 984 3301 ef.
997 3239 1099 3303 Germ.
1109 3240 1161 3300 45.
1185 3238 1267 3298 Hist.
1278 3239 1317 3318 11,
1341 3241 1394 3298 91.
1410 3272 1444 3283 -

394 3369 500 3428 Restat
523 3366 709 3439 substitutio,
741 3386 800 3446 qua
822 3365 916 3426 fusius
939 3365 1129 3445 explananda
1157 3363 1354 3444 supersedere
1377 3384 1449 3444 pos·

308 3493 384 3546 sum,
405 3474 476 3552 quia
498 3482 544 3531 est
564 3471 784 3547 vulgarissima.
836 3471 960 3530 Aoeedit
982 3471 1063 3551 quod
1095 3469 1133 3530 de
1155 3490 1211 3530 usu
1233 3469 1449 3548 particularum

310 3603 366 3642 non
386 3587 469 3642 modo
492 3613 534 3626 -
558 3587 609 3640 aed
639 3584 721 3638 etiam
755 3589 844 3640 antea
869 3580 934 3657 jem
962 3578 1145 3657 disputatum
1175 3588 1230 3638 est.
1288 3575 1322 3638 ld
1349 3580 1448 3640 selum

310 3688 484 3764 monuerim,
507 3665 662 3746 interdum¹
681 3683 845 3744 membrum
869 3683 950 3763 qued
973 3684 1179 3756 substituatur,
1214 3684 1311 3743 minus
1333 3684 1448 3758 valere,

310 3798 354 3855 ita
376 3805 409 3856 ut
429 3793 538 3854 habeat
558 3799 609 3852 sed
629 3792 693 3853 lere
714 3794 774 3851 vim
791 3792 978 3852 vocularum:
1002 3792 1055 3851 sed
1072 3801 1186 3851 tantum
1209 3789 1353 3873 (sondern
1366 3793 1450 3874 ouri:

312 3902 392 3960 Aun.
414 3893 477 3975 Xll,
500 3900 538 3957 4:
560 3921 615 3957 oen
635 3901 765 3957 incestam
786 3904 836 3956 secl
857 3902 1051 3956 transeudum
1073 3919 1203 3956 amorem.

399 4001 520 4064 Deinde
540 4004 570 4062 ln
595 4022 631 4062 oa
653 4021 772 4082 quoque
795 4023 828 4062 ro
859 4003 990 4062 cernitur
1022 3999 1332 4071 beniuolentiae,
1366 3999 1448 4076 quod

314 4179 596 4190 ...Μ-

388 4304 413 4370 1)
432 4305 466 4352 tt.
485 4302 513 4351 lle
533 4301 576 4349 boe
594 4316 635 4350 asu
661 4299 866 4364 apruntinum.
886 4297 1084 4362 qrraorlispntovit
1105 4259 1202 4358 llayboll
1224 4295 1246 4344 io
1272 4291 1347 4342 libello
1372 4298 1450 4352 gratu-

315 4394 394 4444 latorio
412 4391 440 4440 nd
460 4392 484 4440 F.
504 4391 615 4440 linosonm
634 4403 686 4452 pag.
706 4389 750 4439 35.
767 4387 854 4436 Vrotisl.
877 4387 952 4437 1863.

1042 5215 1052 5217 ..
1074 5207 1111 5218 a*
1269 5204 1328 5218 4*-
1376 5211 1442 5218 ω
1472 5206 1505 5217 μ.

1474 911 1482 926 ⁸

1568 4915 1569 4924 ι

1568 4985 1569 4998 l

1568 5007 1569 5020 l
