3196 5270
692 293 732 354 25

142 481 261 535 praem
276 464 414 536 pucritia)
437 467 477 521 ad
496 473 622 538 stuprare
641 466 826 522 tradebantur.
871 461 952 522 Anu.
979 463 1017 542 V,
1040 466 1077 524 3:
1104 469 1194 540 parnei
1220 469 1281 539 qtae

24 645 25 654 ἵ
143 572 223 626 mdia
243 589 276 626 ea
296 572 406 628 bonate
427 589 490 644 spes
511 575 550 643 (et
569 573 683 644 preblioa
702 573 780 630 mala
799 573 915 644 ricantia
935 573 966 628 in
987 574 1155 632 mcaamneor
1173 575 1282 646 oratioe

24 659 26 748 ’ς
143 679 304 749 trobrrntnr)
324 688 355 734 ut
374 684 526 752 reterrctrn
543 657 725 752 ponderare.
775 678 923 738 Nationes
945 677 1139 740 confirmandi
1162 687 1192 738 et
1213 699 1280 759 pro-

144 771 236 842 bandi
267 801 413 862 persaepe
435 785 521 856 intur¹
535 804 568 845 se
590 785 722 860 misceri,
750 785 793 845 ita
814 793 848 845 ut
869 792 950 844 certo
972 783 1111 844 contendi
1133 802 1192 844 non
1214 802 1282 864 pos·

25 923 26 932 κ
142 889 202 970 sit,
224 897 324 950 utram
346 889 402 950 hoc
424 891 515 954 illove
535 892 601 954 loco
623 893 718 971 magis
738 892 914 970 cogitaverit
935 892 1070 970 scriptor,
1093 888 1203 951 clarum
1226 898 1281 952 est.

24 1053 26 1060 ,
143 995 235 1074 Quod
257 1005 289 1057 et
310 997 368 1058 hoc
389 998 493 1060 ultimo
514 998 579 1059 loco
601 999 711 1060 factum
735 1018 801 1061 esse
822 998 1023 1060 statuerimus.
1046 1028 1086 1042 -
1154 998 1160 1008 '

668 1177 696 1263 s.
730 1184 758 1243 a.

233 1337 373 1402 Genuina
391 1343 438 1403 vis
459 1343 623 1422 particulae
653 1366 706 1421 qne
727 1362 764 1404 ea
792 1341 913 1404 videtur
944 1359 1029 1416 esse,
1063 1349 1098 1402 ut
1126 1349 1282 1402 externum

144 1441 301 1525 quoddam
322 1447 464 1510 accedere
486 1450 595 1512 indicet
616 1451 667 1512 vel
689 1453 905 1512 incrementum
926 1449 963 1508 iis
992 1467 1070 1529 quae
1098 1447 1284 1527 praecedunt

145 1551 252 1612 afferat
266 1549 309 1629 ¹),
347 1555 482 1635 quamvis
514 1555 687 1633 ambiguam
716 1558 755 1618 sit
788 1557 826 1618 de
855 1575 892 1616 ea
919 1574 953 1615 re
978 1557 1111 1616 severius
1140 1563 1283 1630 statuere,

144 1679 237 1740 quum
259 1662 290 1720 in
311 1659 358 1722 his
373 1659 490 1741 pusillis
512 1661 601 1722 rebus
622 1663 784 1742 scriptores
806 1682 893 1724 suum
915 1663 1040 1744 quisque
1061 1661 1179 1723 dicendi
1197 1681 1283 1722 usum
1390 1713 1394 1724 .

144 1777 226 1828 certe
247 1768 307 1830 sibi
327 1769 587 1830 conformaverint.
632 1768 733 1845 Quare
762 1770 867 1830 inutile
892 1767 1012 1830 videtur
1034 1787 1072 1828 ex
1093 1768 1148 1828 hac
1161 1769 1284 1828 notione

146 1893 250 1935 omnes
280 1876 409 1956 inques
437 1872 511 1932 abiit
539 1874 686 1953 particula
715 1899 767 1955 qne
795 1876 1026 1952 significationes
1055 1876 1142 1954 justa
1169 1876 1285 1935 ratione

146 1980 305 2055 deducere.
350 1981 392 2040 Et
413 1981 547 2062 profecto
576 1982 659 2043 haud
686 1984 729 2044 ita
758 2002 867 2063 magno
901 2001 976 2063 opus
1008 1990 1054 2042 est
1078 1983 1187 2043 mentis
1215 2001 1283 2042 acu·

145 2089 239 2164 mine,
262 2097 296 2148 ut
318 2108 356 2148 ex
379 2089 551 2150 definitione
579 2099 640 2150 tam
668 2091 784 2151 infinita
812 2089 1021 2171 quodcumque
1049 2090 1095 2150 vis
1122 2090 1284 2151 eliciamus.

142 2195 250 2277 Itaque
271 2194 438 2275 praestabit
459 2197 578 2274 singula
599 2197 781 2276 perlustrare
802 2171 894 2279 atqde
921 2216 961 2257 ex
988 2197 1025 2257 iis
1047 2195 1088 2256 ad
1109 2202 1223 2256 certum
1245 2193 1283 2256 de

24 2291 25 2296 ¹
142 2302 242 2362 Taciti
265 2321 322 2362 usu
339 2301 486 2380 judicium
508 2305 675 2383 pervenire.

230 2436 342 2500 Sedem
365 2458 450 2498 suam
472 2438 564 2499 habet
593 2441 740 2519 particula
772 2464 838 2517 qne,
870 2443 895 2501 si
924 2443 1103 2502 sententiam
1136 2439 1283 2522 adjungit,

143 2567 264 2627 semper
286 2553 356 2625 post
374 2547 504 2626 primum
525 2545 722 2625 vocabulum,
755 2567 917 2628 numquam
947 2555 1018 2627 post
1044 2547 1207 2606 secundum
1235 2549 1284 2610 rel

144 2657 278 2716 tertium.
337 2653 440 2735 Atque
470 2653 587 2714 aceedit
619 2673 658 2714 ex
687 2672 771 2713 more
800 2662 957 2735 poetarum
986 2660 1017 2714 et
1045 2651 1083 2711 ad
1108 2655 1285 2732 pronomina

144 2763 272 2824 relativa
293 2770 323 2822 et
344 2762 581 2842 praepositiones
605 2761 798 2840 saepissime,
821 2768 855 2820 ut
877 2761 997 2830 omnino
1020 2759 1101 2841 apud
1125 2762 1284 2841 scriptores

146 2871 212 2948 ejus
234 2869 340 2930 aetatis
362 2868 427 2928 fieri
448 2866 534 2927 solet.
576 2866 645 2927 Hoc
667 2875 748 2927 certo
767 2867 964 2930 fundamento
985 2865 1054 2927 freti
1083 2866 1121 2928 de
1144 2876 1284 2948 quattuor

147 2977 219 3037 locis
242 2977 418 3056 suffragium
438 2975 518 3035 terre
539 2993 708 3054 possumus.
787 3009 789 3015 ·

230 3114 311 3175 Anu.
333 3114 386 3194 Vl,
410 3114 445 3174 5:
479 3126 504 3173 et
537 3125 598 3172 erat
623 3118 732 3187 incenis
753 3118 831 3172 band
853 3096 965 3188 dispari
997 3125 1086 3172 aetate
1118 3117 1285 3188 quibasdam

146 3229 274 3286 waaris
294 3228 399 3285 libertis
419 3229 492 3284 aciat
513 3227 622 3298 aqnitas
639 3218 705 3306 petr
726 3228 842 3283 dolam
863 3227 923 3298 qni
943 3225 1199 3282 comitantibus
1221 3226 1285 3282 alli·

148 3340 289 3395 ciebantnr
310 3338 405 3408 iynari
423 3340 506 3406 forna
527 3336 645 3393 nominis
666 3345 692 3392 et
709 3337 847 3408 promptis
860 3336 1030 3392 Graecorm
1044 3335 1145 3390 animis
1159 3336 1200 3390 ad
1213 3353 1286 3391 noca

148 3455 170 3526 ct
197 3447 286 3518 mira,
318 3445 420 3517 qnippe
454 3445 578 3516 elapsam
610 3445 751 3500 antodiae
778 3448 901 3517 iperpere
930 3445 971 3498 ad
998 3451 1132 3514 paternos
1154 3443 1287 3500 aanor

147 3529 299 3628 Aeqyptarn
321 3562 370 3609 ant
391 3553 505 3625 Syriam
525 3553 686 3608 inuasurum
706 3553 845 3623 finpebant
870 3551 952 3607 simul
977 3552 1181 3623 credebantque.
1236 3547 1286 3608 Sic

146 3660 309 3722 Mediceus.
353 3658 428 3717 Inde
451 3678 469 3716 a
491 3657 641 3717 Bervaldo
663 3657 837 3736 legebatur:
869 3660 1035 3732 quibusdan
1055 3659 1184 3716 Cannis
1205 3657 1286 3716 liber·

132 3760 180 3830 ¹tis
200 3773 275 3828 oelnt
297 3771 420 3842 apnitns,·
439 3788 507 3842 per
528 3771 713 3842 dolumque
734 3770 925 3826 comitantibus
946 3773 1020 3841 cet.;
1050 3784 1139 3845 quam
1169 3765 1286 3843 conjec-

145 3888 241 3938 turam
267 3895 369 3936 omnes
391 3855 482 3935 etiam
504 3876 599 3935 nostri
620 3877 764 3955 temporis
785 3875 916 3935 editores
938 3880 1130 3954 receperunt,
1146 3880 1287 3953 excepto

145 4005 205 4046 uso
227 3984 369 4057 Haaseo,
393 3983 445 4063 qui
466 3983 538 4042 satis
560 3983 715 4058 ingeniose
738 4017 778 4028 —
802 4001 858 4042 nec
886 3981 1010 4042 dubium
1039 3981 1111 4061 quin
1141 3989 1222 4042 reete
1244 4015 1286 4026 —

146 4094 283 4171 scripsit:
319 4095 485 4166 quibasdam
517 4093 647 4149 Cannis
675 4093 780 4150 libertis
811 4093 884 4148 relat
914 4092 1022 4162 aqnitns
1052 4109 1118 4164 per
1151 4094 1287 4162 dolam,-

218 4359 254 4432 1)‘
265 4365 345 4426 Haud,
370 4365 405 4424 ll,
429 4361 490 4414 467.
511 4391 545 4399 -
573 4363 655 4428 Reisig,
678 4362 748 4416 schol.
773 4362 810 4415 let.
835 4377 888 4430 pag.
910 4363 962 4415 412
981 4379 1030 4431 seq.
1054 4393 1089 4402 -
1118 4365 1196 4418 Paullo
1223 4363 1286 4416 aliter

146 4457 289 4520 Kruegcrus‚
308 4470 341 4518 gr.
360 4455 399 4506 lat.
424 4452 450 4523 §.
468 4452 528 4518 533,
549 4453 571 4505 1.
