3188 5252
699 270 771 332 ‘153

161 451 216 502 tur
237 443 267 502 hi
290 445 365 519 loci,
388 443 465 502 Hist.
490 444 514 522 l,
539 445 574 503 s:
598 448 674 517 quiea
695 456 721 502 ct
743 448 876 518 illyrico,
897 461 1066 516 quampiam
1087 445 1191 500 accitae
1212 463 1231 500 a
1252 445 1307 500 Ne·

162 573 231 614 rmrc
251 557 377 624 topicam,
401 557 468 610 dum
488 555 519 608 irs
540 555 632 610 Italia
654 561 825 623 mactantur,
855 553 1011 624 Vcryiat'rou
1025 553 1206 623 lupatiom'bur
1229 553 1305 608 adia·

162 673 230 722 aaut.
252 667 303 718 aad
324 664 412 734 wama
432 663 535 734 spatiis
557 664 673 720 desumi
693 663 826 718 armcitac
847 665 905 716 cet.
939 653 1018 718 Anu.
1041 654 1063 730 l,
1087 661 1123 718 3.·
1158 662 1304 717 Germani-

162 789 226 824 cum
246 773 342 826 Draco
362 780 450 826 crtum
472 799 513 810 -
536 770 644 826 adarim
662 787 714 840 per
736 769 911 839 adoptionem
933 785 952 822 a
969 769 1077 824 Tiberio
1095 768 1185 838 juant,
1208 785 1304 840 quara-

122 909 132 926 1-
163 896 250 948 quana
270 887 338 934 meet
359 881 389 933 in
409 882 490 935 doaso
513 879 617 933 Pibcric‘
630 877 711 948 filiae
730 877 855 947 luccam,
891 879 942 932 aad
973 896 1026 948 qao
1054 878 1185 948 pluritate
1216 878 1304 932 marti-

162 986 261 1042 meotia
281 987 428 1042 {mitteret
471 983 552 1042 Hist.
576 976 597 1055 l,
621 985 654 1042 4:
671 987 742 1056 finis
763 987 882 1042 Neronia
905 1017 945 1025 -
968 986 1062 1041 curtos
1082 993 1170 1040 motus
1199 987 1304 1044 ocimo-

162 1111 227 1148 rum
246 1111 302 1148 coa
322 1097 404 1150 modo
425 1095 456 1150 irc
476 1096 544 1148 acha
565 1095 644 1164 opud
661 1102 761 1169 patrea
780 1101 830 1148 aut
850 1093 982 1163 populum
1017 1101 1066 1148 arat
1095 1093 1232 1148 arboream
1253 1093 1303 1146 πιέ-

160 1201 247 1271 ¹litant,
269 1203 320 1256 sal
340 1218 431 1257 omna-e
451 1201 570 1272 teymcec
590 1205 726 1273 daceaqae
754 1201 926 1270 mncioacot,
960 1203 1087 1272 evulgato
1116 1200 1228 1271 impari
1256 1220 1304 1256 ar·

162 1324 244 1373 cauo,
264 1327 345 1377 posce
361 1307 518 1378 principem
540 1308 610 1362 alibi
631 1327 714 1378 quum
731 1309 838 1363 Romae
858 1307 928 1373 fiad.
949 1309 999 1362 aad
1019 1301 1114 1378 putres
1128 1308 1204 1379 laed,
1225 1327 1304 1364 aaa·-

159 1425 235 1487 patu
256 1418 350 1472 atatim
369 1417 495 1472 libertate
515 1418 641 1472 licentiae
661 1427 691 1482 ut
724 1417 966 1486 mpaprr'ncipcm
994 1435 1093 1472 aonam
1114 1425 1139 1472 at
1160 1419 1303 1487 abactam,

164 1537 223 1596 quo
247 1519 312 1586 loco
334 1519 482 1598 particula
502 1525 552 1578 aad
572 1519 695 1598 respicit
725 1529 827 1597 patres
857 1530 948 1576 antea
970 1519 1035 1595 jam
1062 1519 1249 1587 nominatos,
1284 1537 1303 1576 a

162 1624 271 1705 quibus
293 1634 482 1704 processerat
518 1627 645 1705 scriptor
678 1626 716 1685 ad
748 1626 808 1684 ulia
839 1625 1039 1685 memoranda.
1094 1626 1176 1685 Ante
1199 1645 1302 1685 omnes

164 1750 236 1790 vero
259 1730 461 1791 memorabilis
495 1741 542 1792 est
564 1732 646 1791 locos
668 1732 749 1792 Hist.
773 1727 809 1805 ll,
834 1735 892 1794 77:
926 1739 977 1791 aad
1005 1736 1143 1792 meliorem
1174 1737 1205 1790 in
1232 1737 1302 1792 batto

163 1861 278 1899 cuasam
300 1861 385 1915 prtum
417 1844 448 1898 ic
472 1863 546 1916 pace
573 1845 718 1912 dadacum
751 1863 817 1900 nom
843 1845 894 1916 orci
918 1846 1087 1916 deliberant,
1120 1845 1301 1914 desciverunt,

162 1969 241 2029 quae
263 1949 413 2008 sententia
435 1957 552 2027 spectat
573 1948 612 2012 ad
634 1949 790 2008 exordium
813 1950 965 2008 orationes
987 1951 1115 2009 Muciani
1137 1952 1216 2032 (cap.
1240 1949 1300 2032 76),

163 2064 255 2136 atque
288 2065 499 2138 argumentum
528 2076 547 2115 a
570 2076 629 2136 quo
660 2058 774 2136 incepit
796 2065 912 2131 orator,
945 2058 976 2116 in
1004 2056 1156 2118 clausulae
1178 2057 1299 2118 modum
1359 2063 1361 2068 '

163 2165 283 2242 repetit.
311 2197 345 2208 -

157 2317 161 2327 .
251 2271 354 2328 Potest
376 2281 476 2330 autem
498 2277 549 2330 aad
570 2273 726 2331 instituere
749 2290 868 2350 quoque
894 2271 1126 2348 digressionem,
1163 2279 1197 2330 ut
1220 2271 1298 2330 Hist.

163 2380 202 2452 V,
226 2381 261 2438 2:
300 2386 351 2437 scd
372 2383 503 2453 quoniam
518 2387 651 2454 formosae
672 2384 749 2438 ardis
769 2402 927 2454 supremam
948 2385 1021 2438 diam
1042 2383 1179 2439 tradituri
1198 2401 1298 2454 samua,

159 2507 312 2558 ccoqraaaa
333 2489 445 2544 viduor,
460 2489 704 2558 primordialem
726 2491 845 2559 aperire.
868 2521 911 2532 -

249 2595 414 2653 Veniamus
434 2592 474 2652 ad
497 2612 583 2652 usum
617 2605 815 2666 coercentem,
851 2595 901 2673 qui
931 2613 1111 2674 quamquam
1145 2592 1298 2671 particulis

160 2702 341 2780 copulativis
364 2704 435 2760 item
458 2720 646 2780 compressus
668 2710 759 2780 atquo
781 2711 965 2780 temperatus
981 2710 1036 2781 eat,
1059 2712 1159 2761 tamen
1176 2719 1297 2779 respou-

159 2806 213 2865 dct
234 2805 455 2886 quodammodo
467 2805 567 2864 Taciti
589 2807 798 2867 consuetudini
820 2805 949 2881 dicendi,
972 2826 1030 2886 qno
1053 2805 1173 2865 videtur
1186 2805 1298 2864 factum

162 2933 241 2985 esse,
259 2922 293 2974 ut
313 2934 368 2992 pro
390 2914 508 2973 ratione
529 2912 707 2973 creberrime
730 2915 772 2974 sic
793 2916 985 2974 inveniantur
1006 2913 1170 2993 particulae
1192 2912 1298 2974 adver·

164 3020 285 3081 sativae.
332 3021 374 3080 Ut
395 3020 473 3080 enim
502 3021 650 3098 particula
679 3019 851 3099 copulativa
881 3021 1032 3078 notionem
1065 3020 1235 3096 generalem
1267 3028 1298 3079 et

162 3115 307 3186 infinitam
340 3127 378 3186 ad
403 3127 443 3186 id
464 3126 546 3226 quod
568 3137 676 3204 agatur
705 3128 834 3187 habilem
864 3127 978 3200 reddit,
1006 3128 1150 3208 justeque
1172 3129 1210 3188 ad
1233 3149 1296 3187 rem

161 3236 273 3310 definit,
294 3243 345 3296 aad
367 3235 405 3296 de
428 3246 535 3295 natura
556 3255 592 3297 ac
613 3238 643 3295 vi
666 3237 805 3312 notionis,
828 3256 907 3316 quae
920 3245 1002 3296 certa
1024 3257 1060 3296 ac
1083 3235 1226 3296 distincta
1247 3257 1297 3296 co-

161 3347 295 3424 gitatur,
334 3345 448 3426 aliquid
486 3343 627 3406 detrabit.
690 3345 788 3422 Quum
822 3355 922 3406 autem
952 3365 1168 3424 saepenumero
1199 3348 1296 3425 primo

160 3461 286 3534 aspectu
306 3473 366 3516 nou
389 3471 622 3531 cognoscamus,
649 3473 741 3533 quem
763 3454 822 3513 latc
844 3461 949 3532 patere
971 3442 1124 3512 notionem
1146 3454 1297 3533 quandam

160 3560 290 3620 voluerit
312 3561 450 3638 scriptor,
472 3560 505 3618 fit
527 3569 561 3619 ut
583 3581 619 3620 es
643 3561 762 3621 demum
784 3569 880 3640 parte,
914 3579 975 3638 qua
997 3558 1188 3633 deminuituu
1211 3563 1296 3622 intel-

159 3671 295 3748 ligamus,
317 3669 414 3749 qualis
437 3671 559 3748 proprie
579 3671 731 3728 inanimo
755 3669 907 3747 scriptoris
929 3667 1030 3736 fuerit.
1088 3665 1122 3729 ld
1151 3690 1223 3731 vero
1254 3670 1297 3729 fa-

157 3775 301 3836 cultatem
331 3776 455 3856 praebet
491 3775 670 3836 ostendendi
702 3776 882 3837 brevitatem
916 3777 1077 3849 orationis,
1113 3797 1210 3857 eaque
1241 3778 1297 3838 luit

159 3891 274 3956 caussa,
296 3904 347 3943 cur
369 3885 475 3944 Tacito
498 3883 645 3963 placuerit
667 3883 715 3942 hic
737 3903 819 3943 usus.
863 3884 925 3943 Res
947 3883 1015 3961 ipsa
1037 3892 1110 3945 cota
1132 3895 1194 3957 eat,
1217 3887 1296 3946 susti·

137 3995 241 4053 ,ciant
273 3995 363 4069 igitur
395 4011 492 4070 pauca
522 3992 671 4068 exempla.
727 3989 829 4051 Germ.
866 3991 926 4050 34:
969 4013 1017 4049 aec
1045 3996 1136 4063 defait
1165 3999 1298 4053 audemia

162 4110 267 4173 Dromo,
292 4104 466 4176 Germanico,
489 4106 539 4159 aad
561 4104 661 4159 obmitit
684 4106 817 4158 Occurras.
875 4101 934 4159 38:
968 4121 1002 4158 cc
1031 4121 1099 4158 cura
1118 4107 1228 4172 formae
1248 4109 1299 4161 aad

159 4214 295 4269 trucciae.
339 4208 421 4267 Hist.
443 4202 481 4287 ll,
505 4210 543 4266 3:
566 4210 679 4278 hostica,
701 4221 731 4266 at
753 4212 866 4281 wacca
886 4211 966 4280 fovit,
989 4214 1039 4264 aad
1062 4230 1151 4266 marea
1173 4213 1297 4282 deliqua-

159 4332 211 4377 tur.
256 4318 338 4377 Hist.
361 4311 420 4384 Ill,
448 4317 500 4373 12:
522 4320 572 4372 scd
594 4319 716 4373 emolctc
737 4319 832 4372 atatim
853 4319 965 4372 vincula
988 4324 1059 4387 cet,
1092 4334 1151 4392 quo
1183 4315 1247 4375 lccc
1271 4319 1294 4374 si

158 4439 183 4482 et
205 4425 332 4502 positum
357 4429 446 4495 essct,
469 4419 499 4480 id
522 4421 616 4480 solum
630 4421 819 4496 iudicaretur,
841 4422 966 4482 alteram
991 4443 1052 4482 rem
1078 4432 1147 4502 post
1169 4424 1295 4484 alteram
