3196 5270
873 265 914 322 st

410 437 469 500 Sed
493 435 584 498 redeo
607 434 647 496 ad
670 433 829 512 inceptum.
874 433 1013 494 Alterum
1035 431 1176 494 indicium
1204 433 1243 494 ds
1270 452 1351 494 nexu
1376 433 1466 492 notio-

323 565 394 606 num
417 565 455 606 ex
478 544 699 604 enuntiatorum
721 541 917 619 responsione
939 538 1135 600 hauriendum
1156 541 1243 600 attuli
1266 541 1339 600 hoc:
1363 541 1389 599 si
1412 539 1468 598 duo

325 655 410 734 paria
431 671 528 733 aequo
550 650 641 712 modo
663 656 837 727 comparata
860 647 917 706 sibi
938 645 1144 726 respondent,
1180 649 1210 708 in
1233 649 1330 708 altero
1352 667 1469 725 semper

324 760 414 823 scdea
428 757 642 822 vocabulorum
665 757 840 818 immutatae
872 763 951 814 suut.
1007 754 1097 831 Quod
1119 755 1264 834 exemplis
1287 754 1418 833 probare
1437 755 1469 814 li-

324 876 402 928 ceat.
446 867 526 926 litat.
547 864 602 937 lv,
626 865 682 924 72:
715 883 764 922 acc
782 865 903 935 proinde
920 866 1130 936 periculam
1151 876 1217 921 nat
1238 875 1364 937 metus,
1387 883 1468 936 urtam

324 981 443 1050 pudor
464 994 509 1032 ac
530 978 692 1032 dedecus
712 975 939 1045 obstupefaceret.
982 970 1050 1030 Non
1074 969 1257 1032 haerendum
1281 979 1329 1031 est
1350 971 1382 1030 in
1404 990 1470 1049 par·
1556 969 1557 972 ’

324 1081 417 1142 ticula
439 1092 496 1154 cut,
520 1098 611 1158 quum
635 1097 673 1140 ea
695 1078 833 1138 voculam
851 1079 1026 1153 negativam
1043 1087 1197 1156 aequatur,
1216 1097 1295 1158 quas
1320 1097 1416 1156 saepe
1429 1111 1470 1122 -

326 1207 450 1252 numero
476 1187 581 1268 efficit,
605 1195 638 1248 ut
659 1188 705 1246 vis
728 1185 913 1264 disjunctiva
933 1186 1022 1265 plaue
1045 1185 1200 1246 auferatur
1214 1184 1250 1260 ¹).
1305 1187 1411 1261 Quare
1432 1188 1471 1246 iu·

198 1331 205 1340 -
323 1298 405 1377 juria
426 1294 633 1377 Nipperdejua
657 1293 777 1373 scripsit
797 1314 839 1352 aa.
885 1293 1025 1355 Eundem
1049 1311 1206 1373 perperam
1229 1295 1330 1372 egisse
1351 1303 1472 1354 conten·
1561 1342 1562 1357 t

326 1405 399 1468 dere
421 1405 535 1478 ausim,
558 1422 649 1483 quum
673 1401 799 1461 adnotet
829 1401 869 1460 ud
899 1399 980 1460 Aon.
1002 1401 1025 1473 1,
1047 1403 1099 1474 43,
1131 1403 1160 1460 in
1190 1401 1355 1462 enuntiatis
1385 1401 1472 1482 quale

326 1513 365 1572 sit
394 1513 619 1584 tmarprctutioaa
646 1511 794 1581 olorinaque
827 1505 865 1566 de
901 1507 1118 1583 significatione
1149 1508 1300 1585 conjuncti
1335 1507 1472 1568 vocabuli

327 1613 440 1694 aliquid
472 1611 651 1671 transfluere
680 1611 711 1670 iu
742 1611 895 1670 notionem
926 1609 1066 1671 vocabuli
1100 1615 1212 1684 puna,
1249 1629 1348 1690 eoque
1380 1610 1474 1672 verba

321 1723 476 1796 periuclam
497 1739 531 1778 uc
551 1730 637 1778 maan
658 1748 701 1764 ·-
716 1724 749 1778 ut
772 1716 818 1782 his
837 1723 908 1776 ‘utar
930 1716 1070 1796 exemplo
1084 1750 1129 1762 --
1150 1735 1288 1778 vennone
1311 1717 1473 1778 vernaculo

327 1831 369 1888 ita
389 1826 514 1888 residat:
538 1827 593 1888 das
616 1827 818 1887 Bevusstseiu
843 1823 897 1885 der
919 1823 1037 1885 Gefahr
1058 1824 1119 1886 und
1142 1825 1265 1886 Furcht
1309 1827 1389 1888 Nam
1409 1826 1473 1887 fere

328 1935 516 1996 econtrario
540 1953 588 1994 res
611 1953 645 1994 se
668 1931 769 1996 habet.
813 1933 907 1993 Notio
940 1933 1108 2013 generalis,
1137 1953 1216 2014 quae
1238 1935 1264 1993 ai
1291 1954 1352 1994 uon
1374 1934 1472 2014 adest,

327 2044 425 2120 altera
447 2062 525 2123 quaa
547 2040 666 2102 accedit
688 2040 813 2118 cogitari
836 2042 956 2122 nequit,
987 2061 1043 2121 per
1064 2060 1097 2102 so
1120 2041 1193 2102 nihil
1215 2043 1375 2118 gravitatis
1404 2063 1474 2103 cou-

327 2151 403 2211 tinet
425 2147 479 2208 aad
502 2146 597 2207 solam
620 2146 734 2208 indicat
755 2148 900 2207 rationem
925 2149 1113 2222 nniversam,
1143 2169 1232 2228 qnam
1260 2150 1384 2227 respicit
1413 2153 1473 2228 pri-

328 2255 422 2314 maria
446 2253 549 2314 notio:
580 2251 694 2314 Geiahr
723 2254 754 2312 iu
777 2251 832 2312 dar
853 2253 1025 2315 besondern
1062 2255 1238 2331 Beaiehuug
1265 2257 1321 2316 auf
1349 2256 1473 2330 lssurcht,
1579 2243 1581 2308 Ῐ

329 2363 356 2426 b.
381 2340 423 2424 eJ:
447 2361 562 2424 Furcht
593 2360 647 2422 der
675 2359 808 2434 Geiahr,
845 2361 912 2422 vel:
947 2361 1060 2422 Furclrt
1091 2381 1147 2422 vor
1180 2361 1304 2423 Gasahr.
1359 2362 1475 2424 Contra
1581 2338 1582 2366 ¹

327 2470 535 2552 Nipperdejus
558 2477 677 2543 censet,
711 2466 750 2529 ds
772 2467 895 2529 notione
916 2465 1095 2547 specialiora
1117 2467 1155 2529 ad
1179 2469 1397 2549 generaliorem
1421 2472 1474 2530 aii·

326 2579 398 2659 quid
420 2578 510 2653 addi,
532 2598 610 2660 quae
632 2586 678 2638 est
699 2576 896 2637 contradictio
918 2577 947 2636 in
971 2576 1102 2656 adjecto.
1146 2577 1234 2654 Quod
1257 2579 1362 2638 vitium
1383 2580 1473 2639 etiam
1585 2601 1586 2626 i

328 2689 358 2746 iu
381 2687 521 2746 versione
544 2706 599 2745 suu
621 2685 721 2765 palam
744 2695 801 2746 est.
847 2683 879 2744 si
912 2685 969 2746 hoe
1002 2694 1105 2744 nostro
1129 2685 1195 2746 loco
1217 2685 1313 2761 (Hist.
1335 2687 1391 2760 lv,
1417 2690 1474 2765 72)

322 2797 478 2868 patratam
500 2799 592 2871 atque
614 2805 699 2852 mana
721 2801 878 2856 sumuntur
899 2799 1052 2872 tamquam
1076 2792 1188 2865 uerba,
1211 2813 1337 2874 quorum
1360 2803 1474 2856 utrum·

327 2918 387 2980 que
410 2900 471 2958 vim
503 2917 619 2978 per-se
645 2897 745 2970 habet,
780 2917 839 2957 nou
872 2898 1076 2958 necessarium
1111 2908 1194 2972 erat,
1228 2901 1362 2979 legiones
1391 2925 1475 2962 con·

325 3011 491 3066 scientia
520 3007 644 3085 periculi
678 3005 889 3085 obstupefieri‚
928 3008 1041 3087 quippe
1074 3026 1152 3087 qnae
1187 3017 1285 3068 metus
1318 3011 1473 3071 notionem

327 3114 547 3193 complectatur
570 3113 690 3174 minima
721 3121 876 3193 oporteat,
905 3133 1022 3173 rursum
1055 3114 1233 3176 vocabulum
1263 3128 1349 3175 metas
1378 3117 1404 3176 ai
1434 3118 1474 3176 ad

325 3225 479 3296 parturiam
501 3220 633 3299 pertinet
655 3223 722 3297 (nec
740 3228 846 3300 potest
873 3219 912 3278 ad
944 3219 1026 3279 aliud
1055 3221 1214 3301 quicquam
1246 3222 1379 3300 referri),
1409 3245 1475 3283 con·

325 3335 467 3389 enantion
489 3326 615 3408 periculi
638 3327 886 3401 simulcontioet‚
908 3325 1001 3409 idque
1022 3327 1200 3389 vocabulum
1215 3348 1475 3408 supervacaneum

328 3437 437 3498 reddit.
462 3471 500 3482 -
524 3433 675 3510 Ilia-qui
693 3457 813 3494 uocem
831 3455 1029 3510 procosque
1049 3437 1182 3496 adlidere
1203 3457 1259 3496 aon
1281 3441 1345 3495 arrad
1364 3442 1474 3498 lucri·

326 3549 398 3604 ntia
419 3566 462 3602 ac
483 3547 632 3603 silentio
663 3545 773 3600 veniam
800 3543 959 3617 poscebant.
1017 3541 1102 3604 Bene
1131 3543 1260 3604 Rothius
1289 3541 1369 3624 (pag.
1400 3545 1474 3627 2ης

328 3664 414 3713 orant
436 3654 514 3712 enim
537 3671 657 3731 preces,
678 3669 859 3730 quamquam
883 3669 957 3710 voce
980 3671 1039 3711 non
1060 3650 1170 3725 editas,
1193 3651 1275 3733 quod
1296 3654 1363 3732 ipse
1383 3654 1475 3713 Taci-

328 3771 376 3822 tus
400 3760 462 3832 ait,
485 3756 566 3818 unda
588 3756 676 3818 facile
698 3757 842 3833 colligas,
874 3739 980 3820 vocem
1012 3777 1178 3838 precesque
1207 3779 1275 3820 esse
1297 3761 1315 3821 i.
1338 3780 1368 3839 q.
1390 3760 1475 3822 laute

327 3867 440 3929 Bitten.
487 3843 606 3926 Deinde
629 3867 717 3925 venia
738 3865 886 3944 postulari
909 3885 967 3924 non
990 3874 1111 3944 poterat
1136 3885 1172 3925 eo
1195 3866 1324 3948 silentio,
1346 3868 1393 3925 cui
1413 3888 1475 3927 non

327 3975 442 4049 siguum
466 3972 588 4053 aliquod
611 3973 702 4035 animi
724 3970 901 4047 accederet3
924 3979 1073 4032 nostrates
1097 3991 1171 4033 vero
1192 3973 1318 4034 inversis
1336 3973 1475 4051 partibus

327 4080 426 4140 dicore
447 4083 561 4142 solent:
584 4081 676 4141 durch
699 4081 796 4140 stilles
819 4079 956 4140 Weiuen.
1001 4080 1080 4140 Nam
1102 4101 1194 4140 nocem
1225 4088 1257 4141 et
1283 4085 1392 4140 alentio
1415 4081 1475 4142 sibi

327 4185 501 4263 respondet.
546 4187 698 4248 Firmatur
721 4189 844 4267 insuper
869 4186 942 4246 haec
966 4188 1127 4266 explicatio
1151 4188 1266 4248 verbis:
1290 4192 1420 4246 withero
1442 4196 1476 4248 ct

399 4414 423 4482 1)
443 4395 474 4463 ile
493 4415 536 4463 lroc
554 4429 617 4464 mora
635 4417 725 4467 dicandi
744 4420 822 4468 couier
840 4434 896 4482 quae
916 4419 1094 4482 disputabuntur
1114 4433 1166 4481 cap.
1186 4419 1222 4468 ill.
