3188 5252
697 247 760 308 155

134 416 237 478 haud
260 437 331 478 raro
351 419 478 499 scriptor
498 419 679 480 sententiam
702 418 939 480 substituendam
962 435 1084 520 pqorsus
1118 417 1298 490 intermittit,

131 534 246 608 atque
269 549 324 606 per
344 533 396 588 aad
417 529 524 587 transit
548 529 587 588 ad
610 549 691 588 nova
707 527 896 607 proferenda,
918 525 972 586 sed
993 544 1072 606 quae
1086 525 1207 604 proprie
1229 526 1296 586 sine

133 633 204 694 illu
236 633 448 694 substituenda
480 637 630 696 sententia
664 637 790 712 cogitari
827 641 988 715 nequeant.
1046 621 1096 694 Sio
1128 632 1208 693 Anu.
1231 628 1292 708 XV,

136 743 210 802 28:
232 754 259 802 ot
280 749 340 803 aira
362 748 582 804 Corbulonem
598 750 682 820 prior
703 766 772 820 aquo
792 749 921 819 dadai,-
941 765 994 816 aaa
1012 753 1154 802 amotam
1167 746 1294 816 Cermalo,

133 858 215 910 aad
234 859 322 926 pedor
342 865 455 927 aterque
476 860 656 914 deuteras
677 859 869 914 miscuere.
913 847 974 927 XV,
1000 831 1057 912 11⁴2
1086 855 1227 924 Voloqasoe
1249 887 1290 898 -

133 961 220 1016 ocidit
240 969 352 1036 motato,
367 961 489 1030 emata,
510 963 575 1018 aad
594 962 630 1016 oi
650 981 690 1018 aa
712 963 819 1018 minis
840 963 976 1018 alares
998 959 1198 1016 extorruit.
1221 987 1264 1002 -

230 1064 361 1126 Claudat
383 1085 491 1144 agmen
516 1065 681 1139 adnotatio,
704 1065 868 1146 aliquando
878 1071 929 1124 aad
942 1067 971 1130 in
987 1063 1143 1144 anaphora
1158 1069 1288 1132 exstars,
1375 1089 1378 1096 ·

136 1175 233 1252 cnjus
255 1175 299 1234 rei
322 1175 379 1233 trin
400 1175 540 1254 exempla
562 1175 649 1234 effert
670 1172 942 1250 Weinlrautlins¹);
963 1183 1065 1232 tamon
1088 1172 1147 1232 duo
1170 1179 1286 1230 tantum

137 1292 227 1344 reete
250 1281 370 1354 habent,
393 1283 528 1360 intelligo
551 1278 628 1344 dnn.
651 1283 676 1356 1,
700 1286 740 1343 10
763 1292 795 1345 et
818 1286 876 1356 38,
915 1301 1040 1362 quorum
1069 1289 1198 1361 utroquo
1220 1279 1285 1339 loeo

139 1401 282 1452 tenemus
304 1391 468 1450 orationem
490 1389 676 1450 indirectam.
700 1423 741 1434 -
1250 1442 1269 1482 ο

232 1501 262 1558 9.
285 1505 389 1558 Tamen
412 1499 507 1558 solam
530 1500 738 1559 coercitionem
763 1496 910 1574 designat,
934 1503 964 1556 et
986 1494 1182 1565 fortissimam,
1201 1493 1283 1552 illam

141 1625 178 1666 ac
200 1605 459 1666 violentissimam.
505 1605 580 1668 Oum
603 1604 758 1685 particulis
780 1617 810 1664 at
833 1613 863 1663 et
884 1610 934 1664 aad
955 1623 1024 1662 raro
1037 1621 1070 1662 sc
1089 1601 1242 1661 consociat
1251 1598 1283 1686 2),

142 1733 211 1772 aum
233 1735 327 1772 eoram
348 1731 520 1791 numquam.
574 1711 681 1776 Sedem
713 1732 797 1774 suam
828 1713 932 1793 utique
960 1710 1041 1788 capit
1061 1718 1132 1788 post
1152 1709 1281 1788 primum

142 1823 311 1881 sententiae
333 1817 561 1902 vocabulum),
596 1822 753 1897 gravitatis
782 1840 889 1880 caussa
921 1816 1069 1878 interdum
1099 1818 1189 1878 etiam
1211 1826 1282 1897 post
1327 1807 1330 1812 ¹

139 1925 321 2000 seeundum,
343 1945 379 1984 aa
401 1932 503 1986 tamen
524 1925 702 2006 plerumque
725 1935 840 1984 tantum
863 1925 892 1984 in
915 1925 1004 1984 certis
1021 1924 1182 2002 juncturis,
1205 1923 1283 1981 siout

95 2015 99 2023 ’
139 2034 245 2094 Germ.
270 2035 325 2092 24:
348 2037 633 2108 aoniaqaaeatam
655 2046 784 2093 tamon.
827 2028 909 2094 Aun.
933 2028 955 2107 l,
979 2036 1014 2093 9:
1052 2055 1107 2092 aaa
1132 2052 1216 2105 roano
1238 2041 1280 2088 ta-

137 2163 207 2200 meo.
253 2134 301 2213 lV,
328 2141 386 2198 74:
409 2161 463 2198 aaa
486 2143 643 2198 ittirtamoa
664 2141 731 2201 vel:
754 2139 857 2200 Germ.
878 2141 938 2200 45:
960 2152 996 2199 at
1017 2146 1129 2214 fratrea
1150 2150 1286 2198 tamea.¹

135 2245 176 2310 At
198 2268 267 2308 raro
289 2249 418 2326 primum
440 2247 537 2304 locum
561 2246 685 2320 obtinet,
720 2261 753 2307 ut
775 2249 855 2308 Hist.
878 2244 900 2322 l,
922 2251 960 2308 8:
990 2253 1135 2322 Fonteium
1157 2251 1279 2322 Comitio-

135 2382 198 2418 aem
220 2361 339 2416 camisam
360 2360 444 2444 ctiam
480 2359 529 2427 qai
557 2359 637 2428 quari
665 2377 720 2414 ooo
745 2369 891 2430 poterant,
926 2369 1018 2416 tameo
1048 2348 1277 2429 iadiqaabaatar,

133 2489 195 2548 quo
218 2465 286 2525 loeo
310 2465 405 2542 major
425 2463 558 2540 gravitas
581 2482 619 2521 ne
642 2463 743 2522 existit
765 2464 897 2543 quidem.
950 2463 1028 2524 dure
1058 2473 1158 2523 autem
1188 2463 1274 2522 initio

133 2571 303 2632 sententiae
335 2569 466 2648 positum
499 2575 545 2626 est
573 2567 654 2627 Aun.
678 2568 706 2638 I,
730 2572 787 2629 42:
826 2583 917 2629 tamea
947 2575 1047 2629 miram
1078 2583 1104 2629 ot
1131 2575 1275 2644 iodiyaam

130 2694 210 2755 erat,
243 2698 334 2757 quum
367 2675 485 2754 ellipsin
513 2674 648 2749 denotet·
689 2679 780 2736 etiam
807 2678 885 2738 Anu.
907 2679 986 2753 XV,
1009 2681 1049 2739 36
1074 2679 1273 2758 praecedente

132 2774 317 2864 quamquam.-
349 2807 518 2863 quamquam
546 2792 694 2856 confideret
722 2791 833 2862 viriati,
870 2801 961 2846 tamea
982 2791 1181 2848 aaiomatioace
1203 2795 1272 2861 oet,

131 2899 204 2958 lieet
225 2903 396 2954 constanter
417 2893 460 2951 sio
483 2912 545 2952 non
566 2891 706 2972 loquatur
727 2895 870 2969 Tacitus,
903 2895 966 2956 vid.
989 2895 1092 2956 Germ.
1117 2898 1172 2957 14:
1206 2919 1271 2956 nam

132 3011 230 3082 epactae
251 3018 275 3064 ot
299 3024 467 3078 quamquam.
488 3005 620 3076 incompti
639 3007 716 3078 larqi
734 3015 826 3062 tamon
848 3017 1013 3078 apparator.
1038 3039 1078 3049 —-

216 3109 250 3171 In
272 3117 434 3186 argenteae
463 3127 543 3187 quae
573 3119 697 3168 vocatur
727 3111 885 3170 latinitatis
918 3120 1016 3172 aetate
1048 3132 1140 3192 quum
1170 3113 1270 3170 omnia

128 3228 308 3280 acuerentur
330 3223 363 3275 ot
383 3214 618 3288 intenderentur,
640 3217 811 3295 percrebuit
833 3239 913 3298 mos,
937 3220 1018 3300 quod
1039 3219 1205 3299 ponebatur
1227 3231 1269 3277 ta-

125 3351 198 3399 mea,
220 3324 269 3384 ubi
291 3321 458 3383 sufficiebat
477 3330 534 3382 aad.
592 3323 659 3398 Qua
690 3325 720 3383 in
753 3345 786 3384 re
813 3335 846 3384 ut
867 3328 1011 3406 imprimis
1032 3325 1152 3385 Plinius
1170 3326 1267 3384 minor

126 3439 269 3515 frequens
291 3432 339 3505 sit,
363 3440 464 3490 tamen
486 3431 611 3490 Tacitus
633 3451 754 3513 qnoque
776 3442 876 3494 aetate
899 3455 953 3495 sua
974 3455 1033 3493 non
1057 3435 1193 3513 superior
1205 3442 1267 3492 est:

127 3545 229 3606 Germ.
255 3541 312 3603 24:
335 3541 494 3597 exosculatio
515 3549 602 3595 artam
619 3543 751 3614 paravit,
782 3563 830 3600 ars
851 3548 976 3600 docorem
997 3563 1052 3601 aon
1072 3546 1103 3598 ia
1125 3552 1266 3614 quaestam

124 3669 216 3713 tonica
237 3662 286 3709 aut
306 3651 466 3717 mercedem,
489 3653 519 3702 et
541 3653 665 3704 contra:
690 3649 749 3706 38:
779 3671 813 3707 aa
835 3671 904 3706 cara
925 3656 1034 3718 formae
1054 3655 1106 3707 aad
1126 3653 1263 3707 innoxiae·

124 3762 206 3818 Ann.
228 3743 324 3827 XIV,
351 3756 408 3813 10:
445 3755 514 3826 qaia
543 3763 635 3809 tamari
669 3773 724 3812 aon
745 3766 775 3812 at
796 3759 936 3814 homiaem
956 3760 1047 3814 cultae
1078 3759 1121 3812 ita
1142 3759 1263 3814 locorum

118 3867 213 3938 faciae
234 3871 357 3920 mutator
378 3852 468 3932 cest)
492 3850 567 3915 Anu.
592 3850 671 3929 Xlll,
693 3859 747 3919 51:
778 3873 870 3918 maaet
891 3872 982 3920 taraco
1004 3864 1117 3920 abolitio
1139 3865 1263 3934 quodra-

199 4127 225 4188 1)
244 4126 277 4175 Ilo
297 4125 386 4186 dialogo
404 4123 497 4175 dissert.
517 4125 534 4174 l.
553 4140 603 4188 pag.
623 4124 666 4175 31.

195 4219 221 4286 2)
241 4220 276 4268 ct.
295 4232 374 4281 supro,
393 4225 416 4267 et
434 4233 488 4268 ann.
506 4217 552 4280 XV,
573 4218 618 4279 ll.¹

191 4312 218 4378 3)
236 4311 282 4360 Sed
301 4317 326 4359 ut
342 4327 384 4374 per
402 4318 446 4372 cst,
465 4312 658 4375 praepositionem
677 4328 690 4361 n
708 4311 778 4362 verbo
796 4327 839 4362 suo
858 4328 903 4362 non
923 4312 1016 4362 dirimit.

191 4405 218 4473 4)
237 4407 278 4455 Est
296 4405 434 4454 rhetoricum
454 4406 577 4469 quoddam.
597 4405 778 4460 ct.0vid.an1.
798 4407 836 4466 lll,
856 4406 880 4468 2,
903 4407 985 4468 2111,
1005 4407 1029 4466 9,
1050 4408 1092 4457 59.
