3188 5252
695 300 756 359 121

159 477 244 546 dccci,
266 476 363 530 decrat
383 477 441 532 cet.
463 465 542 547 (vide
565 469 684 548 supra),
714 471 763 532 vel
785 476 819 531 ut
840 469 969 532 dicatur:
1003 491 1051 530 uec
1075 475 1187 546 (macc)
1206 477 1292 534 mutto

157 590 239 656 pust:
270 577 351 637 Hist.
374 571 424 650 lll,
446 575 497 636 61.
519 575 601 636 Hist.
623 571 644 650 l,
669 578 719 637 27.
742 573 824 638 Anu.
846 571 868 650 l,
891 577 919 639 ὃ.
943 577 993 650 57,
1030 573 1078 633 vel
1102 575 1202 635 multis
1224 575 1290 636 aliis

158 703 195 742 ac
217 683 310 743 variis
331 668 448 754 modia,
476 681 527 762 qui
548 690 780 742 commemoratu
810 679 901 757 digne
923 701 985 742 non
1005 679 1118 741 hebent
1151 679 1191 740 cl.
1212 684 1290 741 Anu.

158 784 244 863 XlV,
268 789 301 849 t:
323 810 372 848 acc
393 792 506 848 multum
527 799 588 848 crat
607 809 754 866 proprcssa
774 793 862 852 cacia
907 789 985 851 Hist.
1007 782 1029 860 l,
1054 789 1107 846 19:
1139 807 1189 846 acc
1210 790 1291 845 aliud

156 900 282 974 sequenti
302 900 458 972 ualidae.
518 893 549 958 si
571 893 603 956 id
637 893 718 976 qnod
747 895 896 956 indicatur
918 894 1067 955 sententii
1098 911 1222 972 perusa
1242 892 1290 953 vel

160 1026 248 1081 aeque
268 999 419 1083 appositis,
440 1003 611 1084 insequenti
624 1010 760 1083 tempore
773 1023 831 1064 non
850 1003 1027 1077 factumest,
1049 1009 1112 1061 tum
1124 1000 1290 1078 designant,

157 1113 334 1191 scriptorem
357 1110 395 1171 ad
418 1111 476 1172 alia
498 1111 655 1172 transitum
677 1111 775 1172 lacere
799 1109 900 1191 Germ.
924 1113 979 1171 11:
1001 1133 1050 1170 uec
1071 1115 1178 1170 dicrum
1200 1131 1290 1170 cumc-

157 1243 228 1295 ccun,
247 1231 278 1279 ut
298 1241 348 1279 uas
368 1225 418 1278 aad
439 1223 558 1280 uectium
579 1231 743 1295 computant.
787 1216 868 1282 Hist.
892 1214 914 1293 l,
937 1220 997 1280 50:
1019 1223 1148 1292 acejum
1167 1223 1289 1279 recentia

155 1347 258 1387 sacuac
275 1329 358 1402 pacis
378 1330 579 1401 camplacuit
599 1330 717 1402 repetita
738 1331 869 1386 bellorum
890 1329 1011 1385 utilius
1021 1330 1154 1386 matoria
1175 1338 1286 1402 captam

157 1439 255 1496 tatiane
275 1439 334 1494 suia
355 1438 513 1494 aarum
534 1440 634 1510 urbani,
655 1439 810 1516 acuitatem
832 1439 987 1494 Italiac-
1000 1439 1187 1512 acuebantur.
1209 1433 1291 1496 Anu.

157 1539 208 1618 lll,
230 1545 288 1604 54:
320 1565 368 1603 ucc
388 1548 485 1620 iuuare
505 1548 535 1602 iu
555 1548 686 1604 conuiuia
708 1557 733 1603 ct
760 1547 871 1604 circulis
898 1547 1024 1604 incusari
1050 1547 1106 1601 icta
1126 1554 1153 1602 ct
1179 1550 1291 1604 mucium

158 1657 237 1730 pasci
256 1649 296 1735 (in
327 1654 462 1712 aratione
483 1646 610 1732 Tiberii)
640 1650 721 1712 Hist.
745 1644 774 1722 l,
798 1653 854 1712 30:
886 1671 935 1710 aec
955 1661 994 1710 cet
1019 1655 1098 1727 plus,
1133 1655 1208 1726 qued
1235 1672 1290 1726 pro

159 1764 241 1818 caede
258 1761 406 1834 priuatis,
429 1779 513 1835 quatu
533 1763 608 1834 atad
628 1761 812 1818 iauaceutibru
832 1763 918 1818 riatur
940 1755 979 1838 (in
997 1760 1130 1820 oratione
1151 1758 1291 1841 Pisonis).

158 1863 250 1926 Purra
275 1861 428 1937 denotant,
450 1861 490 1922 ad
512 1881 548 1924 ea
569 1881 647 1944 quac
670 1862 758 1926 modo
781 1871 1011 1926 commemorata
1039 1865 1115 1939 sint,
1147 1863 1290 1926 accedere

158 1971 336 2032 sententiam
358 1989 397 2031 ex
418 1970 510 2050 ipsius
531 1968 684 2051 scriptoris
707 1971 805 2031 animo
826 1970 979 2033 haustam:
1007 1971 1086 2032 Hist.
1109 1967 1145 2046 ll,
1169 1974 1209 2033 68
1242 1994 1291 2033 ucc

158 2100 321 2156 quamquam
348 2081 460 2154 saepius
489 2099 574 2154 quam
599 2083 756 2153 Vcrpiuiruu
787 2082 874 2140 uiua
900 2083 999 2140 ecditio
1028 2084 1179 2155 infestavit.
1232 2080 1290 2144 Vel

158 2186 320 2247 clausulam
343 2195 514 2265 apponunt:
537 2185 617 2246 Anu.
638 2181 690 2261 Vl,
705 2187 741 2248 5:
762 2207 848 2264 usquc
867 2188 917 2248 uus
938 2191 1073 2263 uicinam
1088 2195 1207 2263 fiuuuuc
1231 2195 1290 2264 ejus

156 2299 200 2356 rei
218 2299 297 2364 rutra
317 2297 503 2370 computatur.
548 2287 681 2354 Vidimus
704 2312 775 2373 pag.
797 2313 862 2374 cap.
882 2288 906 2369 l,
929 2295 961 2376 ξ.
985 2300 1012 2370 1,
1035 2295 1195 2377 aliquando
1217 2298 1290 2377 poni

155 2417 188 2478 ct,
211 2403 238 2462 si
261 2400 433 2479 designetur
454 2403 604 2463 sententia
625 2400 754 2482 quadam
775 2401 806 2461 id
829 2403 973 2481 temporis
995 2385 1134 2483 spatium,
1158 2424 1217 2484 qno
1230 2404 1289 2464 lac·
1343 2409 1348 2420 '

155 2516 217 2569 tum
242 2508 323 2590 qnod
339 2508 495 2586 inciderit3
526 2509 577 2589 qui
598 2527 669 2568 nans
693 2527 851 2588 perperam
873 2508 912 2568 ab
933 2507 1054 2569 Handio
1077 2511 1107 2570 in
1131 2509 1291 2571 dubitatio·

154 2585 222 2676 niem
246 2625 369 2677 vocatus
392 2623 448 2677 eat.
501 2615 573 2677 Jam
595 2616 684 2676 etiam
708 2614 746 2677 dc
768 2615 915 2695 particula
944 2637 993 2677 uec
1014 2617 1122 2678 similia
1152 2619 1290 2698 exempla

155 2724 329 2785 afferamus:
351 2723 431 2784 Hist.
453 2719 502 2797 lll,
520 2726 583 2785 322
606 2746 654 2784 ucc
671 2729 771 2799 procu
793 2746 813 2782 a
833 2729 918 2784 caede
939 2728 1061 2800 aderam
1084 2745 1145 2784 curu
1161 2729 1290 2800 prestun
1355 2781 1357 2788 .

158 2840 258 2896 uuum
279 2837 420 2908 mitipatru
441 2844 480 2894 eet
500 2837 584 2892 mila
629 2834 708 2893 Hist.
732 2826 780 2905 lV,
803 2833 861 2896 57:
884 2854 933 2893 ccc
949 2837 1050 2908 procui
1075 2869 1111 2880 -
1130 2840 1289 2908 firmaucrc.

243 2935 332 3002 Aliud
355 2947 409 3014 est,
432 2942 458 3000 si
479 2945 532 3020 per
555 2962 604 3002 acc
626 2923 782 3016 velutque
804 2939 977 3018 adjungitur
999 2941 1080 3000 notio
1102 2939 1289 3006 vcl'scnten·

157 3050 211 3124 tin,
246 3069 324 3132 qnae
346 3049 574 3110 antecedentem
596 3052 763 3112 accuratius
786 3049 916 3128 explicet
943 3047 992 3109 vel
1014 3048 1103 3110 altius
1126 3051 1288 3114 confirmet.

154 3155 233 3217 Hiar.
256 3155 312 3228 IV,
336 3154 392 3213 76:
414 3165 596 3214 transvectam
618 3175 632 3212 c
652 3157 808 3213 Britannia
828 3158 974 3231 lauicucm,
1007 3159 1111 3216 accitas
1132 3176 1164 3216 ea
1184 3161 1289 3232 Hispa·

152 3267 209 3339 nia,
232 3268 385 3322 uducutarc
406 3283 438 3321 aa
452 3266 561 3335 Italia3
581 3284 630 3322 ucc
649 3265 767 3320 auditum
787 3265 908 3336 militem,
930 3269 982 3324 scd
1000 3276 1116 3324 vetarem
1138 3277 1287 3340 experim-

152 3391 203 3448 que
224 3373 291 3430 tatii
310 3370 330 3428 i.
353 3389 379 3430 c.
401 3366 463 3430 und
486 3387 581 3429 uwar
602 3367 690 3428 kalne
713 3369 784 3446 eilig
799 3371 1117 3448 zusammengerafftcn
1130 3371 1287 3438 Soldaten.

153 3476 232 3537 Hist.
255 3475 308 3548 IV,
334 3476 390 3544 li:
427 3495 515 3552 nuper
536 3486 607 3533 certa
627 3494 705 3536 caeco
727 3477 875 3544 Quinctilio
902 3479 975 3536 Varo
1000 3481 1114 3552 pulsam
1136 3499 1150 3536 a
1172 3467 1287 3537 Garma-

152 3587 202 3641 uia
223 3584 387 3656 taciturum,
408 3601 458 3639 acc
484 3583 621 3638 Vitellium
638 3582 803 3657 principem,
825 3586 875 3639 scd
882 3583 1027 3639 &erarem
1042 3584 1196 3656 Augurium
1216 3587 1286 3646 bello

149 3701 346 3767 prouocatam
383 3689 548 3748 accuratius
570 3686 726 3762 indicatur,
749 3708 808 3768 qno
831 3708 928 3750 rarum
954 3696 1035 3754 statu
1056 3687 1200 3752 Germani
1223 3693 1288 3753 ausi

151 3793 211 3852 sint
241 3793 359 3853 vincera
391 3811 426 3851 ac
454 3791 629 3854 subvertere
649 3792 852 3854 Romanorum
885 3793 1026 3870 legiones.
1079 3793 1158 3856 Anu.
1180 3796 1205 3868 1,
1229 3797 1287 3859 58:

154 3901 258 3956 amicos
278 3901 454 3971 inimicosque
476 3917 508 3956 eu
528 3900 625 3956 uestris
645 3900 810 3959 utilitatibus
831 3901 934 3975 deieci,
967 3920 1053 3978 acque
1074 3906 1139 3964 odio
1159 3907 1286 3980 patriae,

152 4028 246 4066 uuum
267 4010 335 4080 quia
356 4014 413 4065 cet.
436 4003 506 4065 ibid.
542 4016 624 4080 atquc
644 4009 692 4065 ubi
712 4009 830 4082 primun
850 4011 892 4067 tui
913 4012 1008 4084 copia,
1041 4021 1134 4070 uetera
1162 4016 1240 4074 acuis
1261 4024 1288 4072 ct

152 4117 245 4188 quieta
266 4115 384 4170 turbidis
406 4116 570 4186 autciaica,
601 4133 688 4187 ccccc
708 4118 741 4172 ab
766 4118 934 4190 prauuiruu,
966 4122 1016 4176 scri
1045 4129 1076 4176 ut
1103 4139 1145 4180 rua
1162 4124 1287 4196 perfidia

151 4223 297 4278 amnicum.
341 4214 421 4277 Anu.
443 4217 499 4292 VI,
523 4220 560 4277 7:
591 4223 688 4294 quibus
710 4224 781 4278 adca
802 4223 944 4281 iudomitie
965 4237 1120 4299 sacracrat,
1151 4237 1182 4286 at
1212 4248 1286 4288 mere

150 4327 226 4398 rapio
246 4328 347 4400 pridem
367 4327 513 4410 iruauuam
532 4327 637 4400 etauio
655 4327 796 4399 pollueret.
831 4347 880 4386 uae
911 4335 1031 4398 sumam
1053 4340 1159 4390 tautum
1182 4344 1207 4392 et
1238 4338 1286 4394 de·

151 4454 219 4492 carc
241 4419 445 4508 corporum
465 4437 495 4490 iu
516 4436 558 4492 tie
579 4439 730 4495 modestam
747 4437 908 4512 pueritiam,
938 4440 968 4495 iu
990 4441 1055 4497 aiic'c
1075 4442 1209 4514 imapum
1228 4463 1287 4500 ma-
