3196 5270
649 295 688 353 nt

92 465 287 539 confirmant,
309 484 413 526 verum
435 467 479 526 ita
499 474 533 526 ut
555 485 594 526 ex
615 486 699 528 more
721 467 818 527 Taciti
838 465 945 526 vocula
966 478 992 525 ct
1012 465 1052 524 sit
1067 465 1232 544 aptissima.

91 574 171 634 Nam
195 571 278 652 quod
301 567 438 653 explicui,
461 572 538 632 hanc
560 571 736 652 particulam
765 571 940 650 saepissime
970 571 1135 650 adjungere
1167 592 1233 634 seu·

92 680 218 740 tentiam
242 687 294 740 aut
315 680 486 759 notionem,
507 679 620 762 quaid
642 677 724 760 qnod
745 677 900 757 praecedit
928 681 1037 740 arctius
1067 679 1232 753 definiatur,

90 787 133 846 ita
154 794 197 853 nt,
214 787 343 848 eandem
364 789 423 848 vim
445 787 585 848 videatur
612 787 736 860 habere,
766 793 873 866 atque:
904 793 935 844 et
962 784 1101 866 quidem,
1131 790 1234 846 nostra

91 901 193 954 autem
216 894 321 971 lingna
341 893 390 966 vel
411 894 529 956 verbis:
560 893 623 955 und
644 915 742 966 awar,
764 893 912 969 nttmlich‚
941 892 991 953 vel
1021 893 1141 952 omnino
1171 891 1232 951 ullo

92 1000 185 1062 verbo
216 1020 278 1060 non
305 999 450 1063 reddatur
478 1035 516 1047 -
549 1001 582 1062 id
604 1021 642 1062 ex
664 1003 745 1062 omni
774 1007 863 1080 perte
890 999 929 1060 de
956 999 1013 1060 hoc
1043 1000 1109 1060 loco
1139 999 1231 1062 valet.

90 1109 201 1190 Neque
224 1107 368 1170 audacius
390 1108 447 1169 hoc
468 1107 541 1168 milri
563 1107 682 1168 videtur
712 1106 841 1187 dictum,
872 1121 961 1186 quam
988 1108 1013 1165 si
1035 1105 1160 1166 ablativi
1181 1104 1233 1164 ab·

91 1215 185 1276 soluti
205 1233 262 1295 per
283 1227 308 1274 ct
330 1214 555 1295 adjunguntur,
586 1221 621 1274 ut
643 1213 733 1274 modo
764 1213 903 1274 vidimus.
963 1211 1104 1274 Ceterum
1137 1212 1229 1282 affero

91 1322 174 1384 locos
196 1323 318 1386 similes.

178 1432 259 1494 Ano.
281 1432 365 1506 XVI,
389 1432 445 1492 15:
468 1436 493 1492 ia
511 1437 705 1504 fortidudinem
726 1455 808 1509 saepe
830 1439 977 1494 adversam
1006 1438 1094 1494 tostos
1122 1443 1231 1510 specto·

91 1553 149 1600 tom
169 1545 200 1600 in
221 1563 250 1600 sc
270 1545 364 1616 vertat,
387 1553 421 1600 et
437 1544 530 1616 qaia
560 1563 645 1619 venae
667 1563 835 1618 quamquem
855 1545 1027 1617 internuptae
1043 1561 1149 1616 param
1167 1561 1232 1598 aaa·

91 1653 183 1724 peinis
203 1655 391 1726 effundebant,
419 1654 549 1709 tactem
570 1673 656 1710 meaa
675 1654 749 1710 sarci
767 1671 850 1726 asae,
878 1662 909 1708 at
929 1655 1068 1710 immotam
1084 1653 1233 1726 propiorem

92 1762 238 1834 motura,
261 1761 400 1834 adproam
421 1763 547 1818 mtrem
567 1763 627 1832 cp‘aa
641 1763 796 1835 japrdopac
817 1763 943 1819 occurrit.
989 1757 1057 1834 Qua
1078 1758 1108 1818 in
1129 1776 1164 1817 re
1180 1777 1232 1837 ap·

93 1866 193 1944 paruit
223 1873 358 1945 spectata
390 1864 441 1924 illa
474 1861 587 1926 Ostorii
621 1865 789 1926 fortitudo?
834 1865 961 1942 Quodne
992 1885 1084 1927 venas
1117 1863 1231 1926 solvit?

93 1975 217 2035 Minime
239 1993 329 2050 vero;
351 1993 420 2034 nam
443 1972 500 2033 hoc
521 1972 585 2034 fere
607 1993 711 2034 omnes
733 1974 877 2048 iecerunt,
900 1974 1006 2055 quibus
1029 1975 1133 2033 mortis
1155 1973 1232 2033 arbi·

93 2082 181 2148 trium
203 2080 243 2140 ab
263 2081 446 2160 imperatore
467 2081 645 2160 permissum
667 2090 732 2142 erat
754 2090 784 2142 et
805 2081 898 2142 fortes
921 2089 951 2141 et
973 2081 1083 2158 ignavi.
1134 2080 1232 2140 Immo

94 2208 129 2248 ea
151 2196 200 2250 est
221 2187 384 2261 tortitudo,
417 2207 496 2268 quae
516 2189 547 2248 in
569 2188 714 2267 proximis
736 2209 814 2270 quae
837 2196 1002 2271 sequuntur
1023 2187 1123 2248 verbis
1147 2207 1232 2248 enar·

93 2305 184 2356 ratur.
228 2295 335 2376 Itaque
359 2307 385 2354 ot
405 2301 473 2372 quio
495 2295 642 2372 significat
664 2295 746 2357 fere:
771 2298 837 2358 weil
860 2297 1004 2382 nttmlich,
1018 2292 1021 2298 ’
1034 2304 1126 2377 atque
1148 2296 1231 2357 forti-

97 2405 164 2464 tudo
188 2421 338 2487 quaenam
360 2403 463 2478 tuerit,
487 2404 654 2463 accuratius
676 2403 798 2464 indicat.
853 2403 914 2465 Sed
934 2403 1140 2484 Nipperdejus
1163 2412 1232 2464 ante

1 2545 2 2566 t
95 2527 118 2573 ct
138 2517 207 2590 poio
228 2519 371 2591 punctum
393 2512 507 2590 posuit,
543 2529 582 2570 ex
612 2530 670 2591 qno
702 2512 901 2591 suspicionem
933 2511 1020 2570 traho
1055 2511 1143 2570 aliter
1164 2531 1231 2572 eum

92 2621 169 2684 hunc
192 2621 291 2714 lpenm
313 2617 440 2697 intelligi
466 2617 606 2680 voluisse.
634 2652 677 2663 —
713 2618 789 2697 Agr.
812 2621 851 2678 4:
883 2640 1000 2695 pompae
1032 2625 1073 2679 M.
1102 2619 1232 2680 Sacram

93 2751 225 2789 comeare
242 2733 337 2802 jurata
357 2739 389 2786 ct
410 2731 496 2801 quia
517 2731 652 2786 conamur
671 2731 831 2799 intersecare
852 2740 897 2788 ort.
940 2729 1012 2788 Non
1028 2747 1231 2808 possum·non

92 2835 204 2908 mirari,
226 2834 307 2915 qnod
330 2839 361 2894 et
384 2833 520 2907 werina,
543 2833 732 2894 doctissimus
752 2833 804 2895 ille
824 2834 923 2894 Taciti
935 2835 1141 2914 investigator,
1161 2845 1233 2917 post

90 2949 187 3019 p‘uaarrs
206 2941 339 3021 suppleri
359 2940 425 2999 vult
445 2935 544 3016 crt1),
565 2959 603 3000 nc
627 2940 665 3001 de
687 2940 825 3002 Acidalio
848 2949 879 3002 et
897 2941 1038 3003 Ernestio
1051 2942 1158 3016 dicam,
1180 2945 1232 3024 qui

93 3049 269 3132 particulam
301 3046 458 3108 delendam
495 3065 562 3108 esse
590 3047 761 3109 censebant.
817 3047 920 3110 Verba
946 3059 973 3106 ct
1001 3053 1070 3124 quio
1099 3055 1233 3110 maceror

95 3156 275 3237 epexegesim
298 3153 429 3216 formant
449 3155 610 3216 verborum
631 3160 672 3214 M.
694 3157 824 3214 Silorrma
844 3175 976 3214 comeare
999 3159 1106 3233 jussor,
1141 3167 1232 3238 atque

96 3263 258 3324 arctissime
278 3271 348 3321 'cum
370 3262 406 3320 iis
428 3260 610 3334 cohaerent,
639 3279 731 3340 quum
753 3262 818 3321 sine
841 3261 899 3321 illis
921 3263 1048 3338 cogitari
1076 3282 1136 3323 non
1162 3282 1231 3343 pos-

96 3373 167 3448 sint3
188 3371 291 3450 itaque
311 3369 410 3448 prima
433 3368 583 3428 sententia
602 3367 769 3443 generalior
791 3376 854 3442 est,
878 3369 908 3428 in
931 3367 1026 3427 altera
1048 3374 1148 3438 autem
1170 3389 1232 3430 ma·

95 3478 141 3556 jor
159 3478 262 3558 posita
284 3482 331 3534 est
351 3476 407 3535 vis.
461 3474 575 3535 Verum
599 3473 671 3533 talia
693 3477 848 3536 enuntiata
870 3473 1020 3558 quomodo
1042 3474 1233 3554 expedienda

98 3586 163 3662 sint,
185 3583 265 3644 infra
287 3583 381 3642 fusius
404 3599 589 3662 exponemus
605 3575 641 3660 ⁹).
663 3614 705 3626 -
727 3581 825 3640 Locus
847 3580 926 3642 Ano.
949 3581 1005 3662 IV,
1030 3584 1090 3642 12:
1112 3586 1233 3657 Saccas

95 3697 140 3752 ubi
158 3697 234 3752 videt
254 3702 367 3750 mortem
388 3693 479 3748 Drusi
498 3693 618 3747 incitam
638 3691 873 3766 interfectoribus,
898 3694 957 3749 moe
978 3710 1103 3748 macrore
1122 3695 1233 3766 publico

94 3823 157 3876 cecc,
175 3807 258 3872 feroc
278 3801 410 3858 ecclcrron
432 3808 458 3856 ct
479 3799 548 3871 puio
564 3799 661 3871 prima
678 3805 864 3872 provenerunt
885 3799 1011 3855 solatore
1031 3817 1122 3855 sectore
1141 3797 1172 3855 in
1195 3816 1232 3857 eo

93 3910 199 3969 saltem
220 3908 325 3986 similis
347 3914 412 3980 est,
445 3904 525 3987 quod
552 3903 772 3981 generaliorem
794 3922 915 3992 causam
937 3906 1072 3986 sequitur
1094 3905 1233 3984 specialis

93 4017 261 4100 quaedam,
284 4015 342 4074 etsi
365 4013 402 4074 de
424 4014 567 4073 interiore
589 4030 670 4072 nexu
695 4009 807 4088 ambigi
829 4017 942 4090 potest.

177 4124 280 4202 Quum
303 4121 399 4191 semel¹
417 4121 448 4180 in
472 4119 528 4179 hac
550 4119 726 4199 quaestione
747 4136 870 4191 verser,
893 4117 1037 4178 nonnulla
1058 4117 1234 4199 praecipere

93 4233 377 4248 Μ

166 4275 192 4343 1)
209 4275 248 4327 Sic
264 4273 396 4325 waltherus
413 4286 504 4336 quoquo
522 4269 633 4334 explicat,
652 4268 778 4334 similiaque
796 4270 877 4348 efferre
899 4271 943 4323 sihi
965 4272 1030 4324 visus
1047 4279 1098 4334 est,
1122 4285 1180 4339 quae
1196 4278 1233 4323 tc·

92 4387 146 4422 men
165 4369 242 4420 omnia
260 4367 326 4418 aliter
344 4371 473 4429 comparata
492 4377 544 4414 esse
563 4363 637 4427 primo
656 4361 736 4413 obtutu
754 4369 879 4428 comparet.

166 4459 193 4532 2)
213 4474 264 4526 cap.
282 4459 313 4512 ΙΙ.
