3196 5270
640 305 679 373 71

105 490 210 548 magua
231 481 318 551 parte
341 473 422 534 salus
449 493 552 556 eorum
581 475 610 535 in
632 477 711 536 illius
733 475 856 536 arbitrio
883 477 982 555 posite
1009 483 1099 536 esset.
1144 477 1231 537 Unde

105 581 306 658 intelligimus,
335 605 403 642 mro
424 584 454 644 h.
478 585 498 643 l.
519 585 684 660 significare
707 585 746 656 id,
775 583 856 665 quod
880 605 934 645 nos
963 584 1061 644 dicere
1084 585 1231 644 solemus:

106 688 263 764 Interesse,
291 710 380 769 porro
404 667 430 751 bt
458 691 618 780 designare
641 694 892 753 consecutionem.
940 691 1049 752 Curam
1081 689 1231 771 quandam

107 796 248 857 fovebant
269 799 457 877 reipublicae,
481 800 552 879 quia
574 819 657 859 snam
682 802 814 880 ipsorum
839 800 1072 860 incolumitatem
1081 798 1234 859 curabant.

106 900 180 960 Naro
192 901 301 980 volgus
313 902 519 981 magnitudine
535 905 628 963 nimia
649 905 847 964 communium
870 926 1035 963 cararum
1053 905 1235 983 ‘plerumque

107 1028 213 1086 expers
236 1018 309 1082 erat,
331 1019 364 1068 ut
385 1012 451 1089 ipse
473 1013 514 1070 ait
537 1011 663 1090 scriptor
686 1011 766 1070 Hist.
788 1011 815 1090 1,
847 1013 897 1071 89.
942 1011 1027 1072 ineat
1042 1012 1134 1089 igitur
1155 1029 1236 1070 acer·

108 1117 181 1176 bitas
204 1118 363 1199 quaedam,
385 1137 475 1198 quum
499 1121 555 1178 toti
577 1120 742 1180 sententiae
765 1119 989 1180 baecvideatur
1011 1119 1135 1180 subesse
1157 1121 1237 1196 cogi·

110 1226 197 1286 tatio:
232 1225 340 1305 quibus
364 1227 465 1307 aliqua
486 1247 566 1306 pars,
599 1227 729 1307 ideoque
751 1247 822 1288 cura
844 1227 1037 1307 reipublicae,
1059 1237 1093 1287 ut
1116 1247 1238 1306 exspec-

110 1337 165 1394 tari
187 1344 316 1415 poterat,
351 1354 441 1414 quum
477 1337 512 1395 iis
543 1356 582 1395 ex
609 1336 762 1414 republica
793 1335 866 1395 lucri
901 1334 1015 1413 aliquid
1047 1336 1240 1410 exuberarem

110 1439 166 1500 sed
183 1443 271 1501 etiam
293 1441 399 1516 volgus
421 1441 594 1520 ceteroquin
618 1440 740 1500 stultum
764 1451 795 1500 et
816 1439 938 1499 cuilibet
967 1458 1075 1518 parens
1097 1441 1242 1498 memoria

110 1547 254 1609 bellorum
284 1548 416 1608 civilium
439 1547 601 1607 maerebat.
647 1547 695 1606 De
724 1549 839 1606 sincero
861 1547 978 1626 patriae
1004 1565 1106 1604 amore
1134 1547 1175 1604 nil
1199 1545 1242 1606 diu

112 1661 198 1717 citur.
220 1689 262 1702 -ν
285 1657 368 1715 Hist.
391 1654 452 1729 III,
476 1657 532 1716 35:
555 1661 585 1713 ia
607 1659 780 1716 Brittaniam
801 1661 867 1714 iude
889 1669 913 1714 ct
929 1659 1086 1730 Hispmaias
1107 1659 1243 1714 nuntios

106 1775 322 1840 famamque,
352 1768 382 1821 m
404 1767 531 1824 Galliam
557 1767 666 1821 Jatmn
688 1765 819 1821 Calamam
839 1765 985 1837 tmbamam
1012 1766 1043 1819 ia
1064 1763 1243 1820 Germaniam

114 1877 259 1948 ΑΙρίιιὸωη
280 1877 445 1931 Moataamn
472 1876 646 1944 praesectam
666 1873 790 1944 cohortis,
824 1875 899 1942 quod
919 1872 963 1926 bic
987 1871 1091 1940 treva,
1128 1869 1245 1924 Caicum

114 1984 236 2054 Aeduus,
272 1947 384 2052 merqule
420 1979 564 2035 Vitelliam
598 1983 720 2048 fuerant,
759 1977 875 2033 oaeatai
904 1977 1009 2034 misere.
1079 1972 1243 2050 Perperam

115 2086 245 2148 Orellius
266 2085 392 2162 liguram
415 2083 619 2163 hendiadyoin
642 2082 755 2140 statuit.
802 2080 967 2158 Perpetem
990 2087 1021 2137 et
1043 2075 1245 2136 Doederlinus

114 2193 247 2272 explicat
267 2191 349 2249 hisce
372 2186 487 2248 verbis:
517 2189 626 2265 partim
648 2188 769 2244 nuntios
791 2184 910 2262 publice
931 2186 1048 2259 misere,
1072 2187 1179 2264 partim
1202 2163 1271 2242 fal.

114 2320 182 2362 mae
209 2301 402 2378 reliquerunt,
432 2307 465 2354 nt
497 2313 545 2354 res
575 2303 678 2370 gestae
700 2292 762 2350 illic
784 2300 891 2370 sponte
913 2292 1143 2350 innotescerent.
1187 2289 1248 2349 Vo-

118 2408 258 2467 cabulum
278 2414 389 2479 somam
410 2401 571 2480 opponitur
592 2403 716 2460 astmmi.
752 2399 891 2476 Namque
914 2397 945 2456 id
963 2396 1066 2468 dicere
1088 2396 1154 2454 vult
1176 2396 1245 2454 scri-

117 2488 248 2597 ptorpin
270 2510 469 2572 Brittanniam
492 2517 523 2567 et
533 2507 710 2584 Hispaniam
733 2505 845 2564 famam
867 2514 982 2563 tantum
1005 2502 1178 2582 pervenisse
1189 2502 1249 2560 vic·

117 2626 221 2697 toriae,
243 2623 275 2682 in
298 2619 427 2680 Galliam
451 2633 524 2673 vero
539 2611 790 2691 Germaniamque
812 2611 970 2670 manifesta
992 2622 1022 2671 et
1044 2610 1175 2689 gloriosa
1190 2609 1247 2667 vic·

118 2731 214 2792 toriae
242 2726 360 2798 indicia,
408 2720 523 2800 scilicet
552 2722 637 2798 ipsos
668 2719 813 2780 Calenum
847 2730 877 2779 et
905 2719 1089 2778 Montanum.
1120 2716 1251 2795 Araque

120 2833 299 2898 vocabulum
324 2839 438 2908 samma
468 2847 506 2887 ex
528 2829 564 2885 iis
587 2845 665 2906 quae
695 2825 875 2886 antecedant
896 2826 1037 2906 consequi
1060 2823 1251 2901 cogitandum

121 2957 176 3018 est,
197 2941 229 3002 id
251 2937 333 3021 qnod
356 2935 534 2998 Germanice
557 2933 666 2993 reddas
688 2933 765 2992 hunc
787 2933 848 2991 fere
869 2933 900 2991 in
923 2929 1061 2990 modum:
1087 2929 1165 2988 nach
1174 2929 1252 2988 Brit·

120 3051 241 3110 tannien
264 3046 326 3105 und
349 3044 482 3124 Spauisn
496 3039 642 3118 ¹sandten
673 3041 716 3098 sie
739 3038 836 3098 Boteu
867 3036 928 3098 und
958 3039 1047 3096 sumit
1076 3036 1124 3096 die
1155 3035 1254 3097 blosse

120 3157 243 3226 Raude,
267 3154 404 3229 dagegen
427 3150 499 3210 aber
521 3163 578 3208 oet.
600 3149 729 3207 Prorsus
749 3145 830 3204 alind
853 3151 908 3214 est,
931 3145 955 3201 si
976 3143 1156 3222 explicatur:
1182 3161 1254 3201 uun·

121 3265 179 3324 tios
203 3267 254 3342 qui
270 3257 386 3319 cladem
396 3257 623 3336 pervulgarent.
657 3251 761 3313 Germ.
783 3251 838 3310 38:
867 3254 897 3306 ia
918 3253 1092 3308 mmadimm
1113 3242 1256 3322 eamdam

124 3384 149 3430 at
171 3383 303 3429 torrorem
324 3377 465 3426 amaram.
511 3361 679 3420 Discrimen
703 3361 781 3416 inter
809 3360 984 3415 mtaaimm
1005 3367 1031 3414 ct
1059 3368 1189 3415 terrorem
1211 3361 1255 3412 at-

122 3497 182 3557 que
214 3477 390 3535 cumanam
410 3473 560 3540 terrificam
582 3467 611 3526 id
636 3475 690 3538 est,
718 3461 800 3542 quod
822 3459 897 3520 illud
929 3465 1127 3520 avaritiam
1154 3479 1268 3546 eornm

123 3583 175 3664 qni
198 3601 231 3642 ss
254 3579 400 3640 ornabant
422 3576 518 3653 magis
540 3572 690 3653 exprimit,
713 3569 769 3628 hoo
792 3569 834 3627 nil
855 3569 912 3627 nisi
931 3566 1069 3627 effectum
1091 3569 1157 3628 miri
1178 3568 1256 3627 illins

125 3698 261 3750 ornatus.
284 3721 323 3732 ...
346 3685 422 3746 Item
444 3683 595 3761 posterius
623 3701 661 3739 ex
681 3680 780 3758 priore
803 3673 996 3754 consequitur
1015 3671 1096 3734 Anu.
1119 3673 1173 3752 lv,
1201 3673 1257 3730 33:

123 3801 206 3858 obvia
226 3814 318 3854 raam
338 3794 521 3850 mmmmm
542 3801 567 3848 ct
587 3792 731 3861 satiatam,-
766 3800 957 3862 aequavero
989 3780 1047 3840 dici
1069 3787 1170 3859 potest
1191 3798 1258 3837 cum

125 3905 253 3965 Rothio:
275 3904 388 3962 obvia
408 3899 558 3969 satietate,
589 3895 644 3956 sed
665 3911 714 3953 res
748 3888 918 3951 narrandae
951 3895 1041 3966 atque
1065 3885 1121 3944 sibi
1143 3881 1259 3942 similli-

126 4032 194 4072 mae
218 4011 325 4070 obviae
349 4015 428 4066 sunt.

214 4117 296 4176 Loco
306 4115 380 4190 Agr.
401 4113 433 4170 6:
462 4116 537 4171 idem
554 4115 804 4186 prattmac‘tmor
823 4117 848 4163 ct
869 4105 1014 4172 etiamtiam,
1036 4117 1090 4176 per
1112 4112 1260 4175 epexege-

128 4223 176 4288 sin
199 4223 319 4284 additur
338 4224 477 4281 ammam
498 4217 537 4276 ad
550 4221 638 4275 idem:
664 4214 772 4275 ebenso
797 4211 919 4272 brechte
941 4227 974 4267 er
999 4206 1048 4267 die
1072 4205 1140 4264 Zeit
1163 4202 1261 4261 seiner

131 4439 243 4501 Rothio
273 4438 363 4497 etiam
387 4433 513 4493 Woxins
545 4430 637 4491 verba
665 4433 747 4488 ludos
766 4443 791 4488 ot
813 4431 912 4486 iaaaia
933 4425 1043 4484 comm
1064 4418 1155 4480 bend.
1178 4415 1259 4477 exhi-
