3188 5252
849 327 911 388 122

307 509 403 580 joanem
423 506 627 562 ineitomentnm
643 503 794 577 'utpidinie
820 503 942 561 habebat.
995 497 1075 561 Anu.
1097 497 1140 576 II,
1164 501 1219 602 34¹:
1250 505 1328 561 hond
1354 505 1444 562 minna

312 614 393 670 liberi
409 614 514 670 dohtnm
536 615 723 668 documentum
743 611 817 666 Mem
838 611 905 668 Piso
926 629 988 668 mon
1009 611 1088 668 dedit
1108 621 1208 670 tutata
1229 612 1259 666 ia
1283 614 1329 683 ias
1357 615 1444 684 Urpa·

312 718 399 790 lunia,
423 735 505 790 queam
527 735 615 789 eapra
636 717 707 789 lepos
728 715 1013 788 mantuanensem
1034 718 1180 789 endon,
1212 735 1261 773 nee
1282 726 1331 774 ant
1357 720 1445 790 Urpa·
1562 769 1563 822 i

298 824 393 901 ,tanta
414 825 615 897 obtemporant,
648 825 678 878 in
699 825 809 881 matam
832 823 960 880 Casuaria
980 831 1071 896 spreto
1092 823 1192 881 Patent
1212 835 1298 897 aedo,
1328 834 1376 882 ont
1396 825 1446 882 tto

313 933 440 988 deomeit
462 936 518 988 eat.
540 926 691 1007 intellige.-
722 933 842 988 ndmliot
863 933 954 988 wodor
979 931 1132 1002 Urpaionia
1154 936 1210 991 eet.
1266 929 1444 1009 Explanan-

312 1039 361 1092 tur
383 1034 472 1103 euim,
493 1051 572 1113 quas
593 1051 648 1112 per
670 1035 849 1094 sententiam
872 1032 1098 1094 antecedentem
1109 1034 1194 1113 quasi
1217 1033 1247 1093 in
1269 1053 1344 1097 nuce
1360 1034 1468 1095 dedit.

313 1138 448 1218 scriptor.
493 1137 543 1199 Sia
573 1136 923 1212 etiamAun.lV,12:
960 1143 1085 1198 uenatore
1105 1160 1194 1199 stoan
1223 1161 1341 1216 munem
1362 1147 1445 1202 nodo

314 1249 475 1306 Gemonios·
484 1249 583 1305 litorea
590 1257 766 1321 perverteret,
791 1267 905 1322 quornm
925 1267 980 1306 non
990 1251 1077 1306 datio
1096 1251 1237 1308 aueoeeat'o.
1251 1269 1337 1323 neque
1347 1254 1446 1326 spaopi

311 1373 440 1411 uenenrnn
460 1355 491 1409 in
511 1363 566 1411 tres
582 1365 694 1428 poterat
716 1361 772 1415 eet.
816 1354 887 1414 Hue
908 1372 999 1433 porro
1024 1355 1155 1433 pertinet
1176 1371 1247 1415 usus
1269 1373 1308 1414 ex
1330 1374 1388 1434 quo
1405 1353 1444 1416 ad
1563 1361 1564 1380 ¹

311 1457 491 1516 sententiam
525 1458 706 1533 generaliter
735 1457 919 1517 enuntiatam
956 1475 1011 1538 per
1044 1479 1094 1517 neo
1130 1457 1245 1518 aceedit
1273 1459 1444 1539 exemplum

312 1559 464 1642 quoddam
484 1561 654 1622 illustrandi
676 1581 798 1622 caussa:
822 1562 895 1640 Agr.
920 1565 958 1623 1:
982 1583 1016 1622 oo
1034 1567 1162 1640 plerique
1181 1585 1261 1622 saon
1281 1567 1339 1639 ipss·
1357 1569 1445 1624 etna

311 1691 431 1730 amnone
445 1675 583 1744 fidaoton
614 1676 709 1747 potine
736 1694 840 1732 ntorum
869 1693 952 1748 paona
984 1676 1180 1746 odropdntiune
1209 1675 1351 1732 ordinati
1365 1687 1446 1748 santp

309 1801 360 1838 neo
379 1783 412 1837 id
432 1783 540 1839 annun
559 1791 585 1839 et
605 1783 714 1841 Sonare
741 1785 814 1840 eitra
841 1785 924 1852 notem
951 1792 1000 1860 ont
1020 1783 1209 1840 obtrectationi
1228 1785 1291 1853 tait.
1336 1780 1383 1841 Aa
1405 1801 1444 1842 ne

309 1883 393 1948 illum
416 1888 538 1969 quidem
558 1909 644 1950 usum
666 1889 777 1950 frustra
799 1906 938 1970 quaeres,
970 1909 1089 1970 exque
1117 1893 1445 1965 neqenasseverationi
1564 1885 1565 1890 ’

311 1998 452 2070 inservit,
475 1997 505 2058 id
528 1997 607 2076 quod
630 1997 668 2059 de
690 2000 837 2078 particula
858 2011 884 2059 et
905 1997 1033 2058 vidimus
1056 2017 1122 2078 cap.
1145 1993 1168 2072 l,-
1190 1997 1220 2078 ξ.
1244 2003 1271 2060 1.
1302 1999 1381 2060 Hist.
1403 1999 1444 2074 Il,

312 2107 370 2165 46:
400 2109 499 2164 bonam
516 2109 625 2164 habaet
647 2107 768 2164 mainan
788 2107 938 2181 jubebant5
968 2127 1107 2181 nepem
1139 2107 1230 2166 odino
1258 2127 1344 2166 aoooa
1364 2111 1445 2181 eires,

314 2225 339 2274 et
359 2218 435 2289 ipson
455 2223 575 2272 extrema
593 2233 726 2288 posterea
748 2233 925 2290 ausurosque.
947 2235 1034 2290 neque
1055 2228 1115 2275 erat
1137 2219 1271 2274 adulatio.

394 2318 552 2380 Interdum
574 2321 723 2398 posterior
744 2321 895 2381 sententia
915 2319 963 2382 vel
985 2323 1069 2382 notio
1091 2327 1124 2382 ut
1146 2340 1185 2382 ex
1205 2321 1354 2401 prioribus
1376 2341 1443 2382 eou-

311 2445 440 2510 sequens
463 2429 595 2505 cogitata
617 2435 678 2489 est:
700 2428 775 2507 Agr.
798 2430 857 2489 41:
880 2449 929 2489 neo
948 2433 1010 2503 ion
1031 2436 1067 2490 de
1087 2433 1173 2490 limite
1193 2434 1305 2506 imperii
1324 2444 1350 2491 et
1369 2437 1442 2509 rupo,

311 2543 361 2597 sed
382 2543 417 2596 de
438 2541 558 2596 hibernis
578 2539 713 2611 isaianum
734 2547 760 2596 et
775 2541 947 2612 posterriora
967 2541 1128 2596 dnbdotnnn.
1180 2533 1260 2596 Anu.
1283 2530 1359 2611 ΧΠ,
1385 2538 1442 2598 4ἆι

308 2651 422 2720 inopum
443 2665 549 2720 ortoque
570 2656 674 2719 optatae
694 2656 719 2703 et
739 2655 802 2704 orta
823 2619 855 2703 ea
876 2665 910 2704 eu
942 2649 1033 2715 sanes
1053 2648 1083 2702 in
1100 2647 1262 2719 prodipian
1292 2647 1444 2720 decipietu-

310 2761 364 2825 tar,
385 2771 434 2809 neo
454 2753 554 2808 oondti
573 2759 679 2808 tuoetsnn
701 2760 818 2824 enatae,
838 2754 889 2808 sed
907 2751 976 2822 iana
986 2754 1144 2808 reddentem
1163 2731 1312 2808 Cimedisnn
1330 2754 1443 2809 oneum

290 2877 406 2916 -oaaene
425 2861 469 2916 ita
487 2860 608 2916 nor-iisse
627 2860 746 2915 nertidta
767 2861 821 2916 eet.
867 2856 947 2916 Hiet.
969 2856 1029 2930 IV,
1053 2857 1110 2916 25:
1139 2861 1270 2931 ptiseetot
1291 2861 1443 2917 iracundia

311 2967 454 3039 lapionrnn,
470 2985 525 3023 neo
547 2974 677 3024 terrorem
690 2967 772 3022 anias
793 2966 889 3023 melitis
910 2967 1031 3024 *oineala
1056 2968 1209 3024 indiderat.
1261 2964 1322 3026 Sed
1353 2965 1444 3026 habe·

311 3091 376 3133 mus
399 3072 456 3132 hoe
478 3072 544 3132 loeo
567 3071 778 3152 amphiboliam
801 3073 893 3145 illam,
930 3075 1049 3153 saepius
1071 3081 1280 3147 memoratam,
1313 3094 1374 3156 qua
1401 3075 1445 3148 lit,

310 3188 345 3242 ut
362 3179 549 3240 'enuntiatum
572 3181 720 3258 posterius
742 3187 773 3240 et
802 3181 977 3243 confirmare
1006 3202 1043 3243 ea
1064 3201 1142 3263 quas
1165 3181 1347 3243 anteeedunt
1368 3183 1446 3244 aeci-

310 3305 384 3368 pere
405 3287 495 3348 liceat
517 3305 556 3347 ex
577 3287 724 3366 prioribus
747 3287 906 3369 consequi,
939 3289 1041 3372 itaque
1062 3288 1152 3349 mode
1175 3290 1256 3369 prius
1279 3289 1369 3350 modo
1392 3309 1445 3371 po·

312 3397 420 3457 sterius
441 3413 508 3456 esse
529 3402 620 3475 prout
637 3394 711 3456 libet
733 3395 848 3457 leetori.
1354 3469 1356 3476 Ι

398 3502 508 3565 Omnia
539 3521 612 3578 vero
648 3499 768 3562 diesndi
798 3519 926 3579 genera,
973 3521 1050 3582 quae
1081 3501 1233 3583 hueusque
1262 3508 1446 3580 enumeravi,

312 3612 449 3695 quamvis
472 3611 580 3672 similia
602 3611 662 3670 sint
689 3611 726 3669 iis
749 3608 787 3669 de
814 3609 984 3698 quibuaad
1006 3623 1046 3686 et,
1080 3633 1145 3689 qno,
1175 3625 1257 3688 atque
1283 3613 1447 3693 disputavi,

312 3721 406 3783 multo
429 3728 529 3781 tamen
551 3721 595 3790 :iis
625 3718 719 3777 rarius
742 3715 949 3777 inveniuntur.
1005 3717 1075 3779 Jam
1105 3718 1143 3780 ad
1174 3738 1211 3780 ea
1244 3721 1447 3800 pervenimus,

312 3847 389 3910 quae
417 3845 508 3908 quum
537 3825 596 3883 sint
628 3822 667 3882 ad
697 3829 835 3881 naturam
863 3821 1075 3902 particularum
1100 3817 1166 3896 neo,
1200 3846 1286 3901 neone
1315 3828 1447 3889 maxime

312 3932 544 4004 accommodata,
568 3931 657 3991 etiam
680 3930 770 4010 lenge
792 3931 966 4010 saepissime
987 3930 1067 4010 apud
1089 3931 1227 3992 Tacitum
1251 3934 1397 4011 leguntur.

396 4041 637 4122 Explicaturex
657 4039 724 4118 ipsa
746 4037 912 4116 negationis
942 4039 973 4098 vi
1003 4059 1038 4099 ae
1069 4047 1190 4113 natura,
1224 4042 1335 4121 quippe
1368 4064 1447 4124 quae

312 4171 430 4232 semper
452 4149 669 4230 oppositionem
693 4147 842 4227 quandam
855 4145 1000 4221 involvat,
1023 4167 1075 4208 eur
1097 4149 1262 4227 particulae
1283 4173 1339 4227 neo,
1361 4173 1448 4229 nomn

310 4264 400 4339 longe
429 4259 612 4341 frequentius
639 4255 800 4317 exhibeant
836 4255 895 4315 vim
925 4254 1160 4330 adversativam,
1198 4279 1287 4341 quam
1320 4263 1447 4341 copulae

313 4388 390 4452 quae
413 4373 483 4428 sunt
504 4379 537 4440 ot,
560 4387 619 4442 que,
642 4377 730 4440 monte
785 4363 886 4446 Atque
910 4383 1001 4446 quum
1022 4364 1053 4425 id
1083 4385 1201 4446 semper
1222 4377 1364 4447 sequatur
1385 4371 1445 4430 Ta-

314 4480 407 4553 eitus,
430 4484 463 4536 ut
485 4472 626 4535 devitatis
649 4472 714 4532 aliis
736 4471 906 4551 particulis,
930 4471 1109 4552 eopulativis
1133 4493 1235 4536 esrum
1257 4475 1323 4536 loeo
1346 4476 1447 4560 quoad
