3196 5270
910 237 949 300 18

362 401 804 483 erant‚i1lipsolroonostro
834 403 900 467 loeo
929 409 1086 473 refellitur.
1137 409 1214 470 Nam
1246 407 1404 470 auxiliares
1435 427 1489 467 non

361 527 427 568 cum
451 508 631 587 subsignano
654 513 747 574 milite
769 513 904 588 luerunt,
935 536 1025 597 quum
1057 516 1187 578 Caecina
1209 535 1261 577 eos
1287 516 1490 596 praemisisset,

360 624 393 675 ut
415 624 504 676 antea
526 627 669 682 narratur,
715 619 842 680 Accedit
864 619 945 702 quod
968 620 1049 684 Hist.
1071 621 1127 695 IV,
1151 624 1202 696 33,
1235 623 1287 684 ubi
1309 623 1387 682 idem
1408 641 1490 681 voea-

359 722 460 784 bulum
483 728 639 806 reperitur,
661 729 714 787 vix
736 728 867 788 dubitari
895 737 997 807 potest
1030 731 1102 810 quin
1131 730 1266 807 legiones
1286 732 1368 791 solae
1390 730 1492 790 intelli·
1574 795 1575 818 ἶ

360 840 476 907 gantur.
507 835 655 896 Narratur
669 838 763 910 enim,
786 837 969 917 subsignano
992 837 1085 896 milite
1108 837 1139 896 in
1162 837 1261 898 medio
1284 839 1391 918 posito,
1414 837 1489 894 auxi·
1574 829 1575 856 ³

358 937 406 998 liis
430 941 542 1018 passim
565 943 771 1020 circumfusis,
805 965 897 1026 quum
930 944 997 1005 alae
1026 945 1157 1024 equitum
1189 945 1427 1026 Nerviorumque
1448 961 1491 1002 oo·

358 1042 461 1104 hortea
480 1080 524 1092 ·-
546 1049 658 1129 quippe
692 1051 798 1130 quibus
832 1058 1004 1111 constarent
1035 1051 1147 1110 auxilia
1169 1083 1210 1095 -
1233 1047 1355 1127 iugatae
1388 1053 1491 1118 essent,

358 1149 397 1209 ad
420 1156 538 1226 arbom
569 1167 746 1234 perventum
780 1179 857 1220 esse.
909 1157 972 1220 Sed
1002 1178 1019 1219 e
1047 1159 1198 1218 contrario
1235 1159 1392 1240 quominus
1421 1155 1493 1214 hane

284 1342 287 1350 Ι
358 1257 573 1336 amplectamur
595 1265 827 1344 explicationem
851 1265 965 1346 obstat,
990 1264 1071 1347 quod
1094 1264 1205 1342 ambigi
1227 1283 1287 1324 non
1310 1270 1427 1344 potest,
1448 1277 1491 1320 oe·

358 1367 495 1444 teroquin
517 1368 542 1426 si
566 1368 605 1429 de
625 1372 768 1433 militibus
791 1374 842 1454 qui
864 1377 913 1432 aab
934 1374 1020 1446 agnis
1050 1375 1118 1429 sunt
1145 1387 1241 1429 sermo
1264 1369 1318 1428 fiat
1346 1375 1377 1428 et
1404 1364 1492 1442 legio·

356 1489 411 1530 nes
435 1481 465 1532 et
478 1476 640 1538 auxiliares
658 1479 783 1557 intelligi
801 1475 837 1560 ¹).
881 1477 962 1555 Quid
977 1478 1069 1555 igitur
1088 1475 1307 1537 statuendam?
1350 1472 1491 1534 Homines
1576 1478 1577 1528 l

357 1577 446 1653 docti,
469 1583 520 1660 qui
544 1583 582 1643 (le
602 1604 636 1645 re
660 1586 781 1644 militari
804 1585 885 1664 apud
907 1586 1060 1646 Romanos
1083 1584 1282 1664 seripserunt,
1307 1581 1371 1642 fere
1394 1593 1492 1639 omnes

355 1693 473 1763 tacent,
495 1690 540 1749 sin
563 1691 742 1753 mentionem
764 1692 853 1771 hujus
875 1691 920 1753 rei
948 1692 1086 1769 injiciunt
1101 1687 1144 1772 ²),
1175 1699 1276 1750 tamen
1306 1689 1353 1748 his
1382 1683 1492 1746 duobus

355 1793 456 1854 Taoiti
479 1796 553 1857 loeis
585 1800 720 1860 nituntur
755 1801 836 1859 solis.
886 1797 960 1860 Jam
992 1797 1131 1878 equidem
1167 1805 1329 1879 antequam
1359 1795 1397 1855 de
1432 1798 1493 1852 tota
1576 1781 1577 1792 ¹

355 1903 530 1980 quaestione
552 1905 704 1984 proferam
727 1905 799 1988 quid
814 1905 948 1985 judicem
976 1905 1006 1964 in
1029 1904 1172 1965 auxilium
1200 1922 1276 1963 vooo
1310 1901 1431 1962 tertium
1452 1895 1492 1956 lo·

355 2026 439 2083 oum,
471 2008 560 2087 longe
583 2011 705 2092 quidem
727 2013 889 2094 repetitum
910 2012 1006 2087 illum,
1038 2011 1092 2072 sed
1121 2018 1156 2070 ut
1183 2009 1351 2090 apparebit,
1374 2006 1491 2082 dignum

354 2131 426 2173 sane
448 2117 499 2195 qui
522 2117 673 2179 afferatur.
717 2119 845 2196 Legitur
874 2126 973 2180 autem
1007 2119 1090 2199 apud
1122 2117 1312 2178 Ammianum
1346 2108 1490 2174 Marcelli·

352 2240 424 2280 num
446 2222 497 2285 lib.
523 2225 574 2285 29.
596 2225 626 2306 ς.
650 2227 692 2300 23Ι
714 2225 763 2286 ed.
786 2225 916 2304 Wagn:
948 2233 1104 2288 Dardanos
1132 2232 1220 2286 tonas
1252 2220 1432 2285 murtea
1452 2220 1490 2275 in·

351 2333 500 2390 temecieoe
530 2343 556 2391 et
570 2336 648 2405 juste
677 2355 749 2410 quae
776 2337 927 2394 matiam
953 2356 1114 2410 perpessos:
1144 2338 1193 2393 line
1224 2352 1289 2392 uero
1316 2333 1491 2404 ιιιόιίριιωιῑοθ

352 2441 453 2498 milites
473 2444 598 2499 amisse
619 2445 708 2502 leniae
728 2446 849 2519 amalfi,
880 2447 920 2501 ad
948 2465 1032 2502 anam
1049 2421 1200 2518 prolapsos
1221 2459 1348 2498 errorem
1403 2435 1490 2495 Patet

352 2547 447 2604 ex-iis
470 2567 547 2626 quae
569 2549 753 2627 praecedunt
777 2551 833 2611 boe
856 2551 920 2612 loeo
947 2550 977 2609 in
1000 2549 1141 2610 militibus
1172 2544 1363 2624 subsignanis
1393 2558 1490 2604 nume·

352 2652 413 2711 rari
436 2655 525 2714 etiam
549 2656 664 2735 equites
685 2666 810 2738 quartae
830 2658 1054 2737 sagittariorum
1076 2657 1216 2717 eohortis.
1261 2651 1321 2728 Qui
1350 2672 1417 2713 oum
1448 2666 1489 2710 es-

352 2767 420 2820 sent
442 2780 482 2820 ex
504 2762 698 2823 auxiliaribus
713 2756 753 2844 ³),
777 2761 913 2822 videmus
935 2763 965 2821 id
988 2762 1166 2822 vocabulum
1181 2759 1219 2821 ab
1236 2762 1395 2820 Ammiano
1410 2775 1489 2837 pror·

350 2885 401 2928 sus
424 2869 483 2926 alio
507 2887 597 2929 sensu
619 2877 795 2950 usurpatum
819 2889 885 2966 esse
908 2877 997 2950 atque
1020 2888 1038 2929 a
1060 2869 1177 2929 Tacito.
1227 2868 1315 2946 Quod
1339 2871 1410 2930 lieet
1431 2883 1488 2926 ma·
1578 2951 1579 2958 ἵ

344 2975 429 3053 jores
451 2977 540 3036 etiam
565 2976 702 3038 videatur
725 2975 827 3036 turbas
849 2995 990 3051 movere,
1024 2985 1124 3037 tamen
1146 2994 1253 3055 reapse
1275 2975 1388 3036 nodum
1410 2972 1487 3033 illum

349 3083 436 3142 nobis
461 3083 613 3145 dissolvet.
657 3084 737 3143 Nam
770 3083 818 3143 his
847 3083 942 3144 tribus
971 3084 1058 3157 locis,
1092 3083 1148 3144 nisi
1176 3083 1297 3162 egregie
1327 3083 1431 3155 fallor,
1459 3075 1488 3136 id

351 3190 529 3251 vocabulum
552 3192 701 3252 invenitur
730 3192 801 3251 solis
817 3187 854 3274 4),
907 3190 998 3252 Unde
1031 3190 1063 3251 id
1097 3189 1168 3250 mihi
1201 3189 1321 3249 videtur
1353 3183 1487 3249 concludi

314 3327 316 3330 ·
346 3318 452 3379 posse,
474 3299 551 3359 hane
574 3301 694 3360 omnino
717 3321 776 3360 non
799 3300 892 3361 fuisse
915 3299 1150 3380 appellationem
1176 3299 1261 3358 inre
1289 3297 1410 3358 militari
1431 3292 1487 3353 usi-

346 3414 440 3466 tatam
464 3414 495 3466 et
515 3409 638 3487 propria
661 3407 790 3489 quadam
814 3409 936 3468 notione
959 3409 1122 3489 insignem,
1154 3405 1208 3467 sed
1238 3414 1318 3466 certe
1341 3426 1359 3465 a
1382 3404 1486 3464 Taoito

346 3515 412 3593 ipso
435 3515 598 3588 inventam,
621 3515 702 3596 quod
725 3514 813 3576 facile
835 3516 899 3575 fieri
921 3523 1059 3595 poterat,
1089 3515 1167 3574 siin
1191 3515 1363 3574 memoriam
1387 3514 1416 3573 ei
1438 3529 1486 3570 ve·

347 3622 449 3682 niebat
470 3619 668 3684 vocabulum:
700 3625 899 3702 antesignani,
932 3623 1013 3704 apud
1038 3622 1199 3684 Caesarem
1232 3641 1324 3703 saepe
1357 3621 1486 3696 obvium,

345 3751 404 3812 quo
428 3731 673 3808 significabantur
695 3733 804 3792 milites
828 3732 978 3813 expediti,
1001 3733 1112 3814 quippe
1136 3731 1186 3812 qui
1209 3738 1239 3790 et
1261 3733 1291 3790 in
1316 3731 1381 3791 arie
1403 3737 1434 3790 et
1456 3728 1484 3785 in

343 3838 462 3914 agmine
485 3839 592 3899 ceteris
615 3837 696 3920 apud
719 3839 804 3914 signa
826 3838 950 3898 retentis
972 3856 1147 3918 procurrere
1170 3837 1302 3896 solerent
1317 3829 1353 3916 ὅ).
1410 3833 1486 3910 Quin

418 4051 446 4121 1)
466 4056 530 4108 Suet.
548 4057 605 4119 Aug.
626 4057 692 4110 101:
711 4066 834 4126 quantam
853 4059 959 4110 militam
977 4057 1022 4109 sal
1041 4057 1120 4126 siquis
1138 4057 1229 4126 alique
1248 4065 1336 4110 esseut.
1408 4119 1411 4126 Ι

415 4145 446 4215 2)
465 4148 528 4198 Sicut
545 4149 632 4218 Luaqe
650 4151 673 4200 in
692 4151 785 4202 historia
802 4152 953 4202 mutationum
971 4151 1006 4201 rei
1023 4151 1070 4200 mil.
1089 4151 1154 4201 llam.
1172 4164 1224 4215 pag.
1244 4149 1286 4201 48.

414 4239 443 4309 3)
462 4241 557 4310 Lange,
575 4257 625 4308 pag.
645 4242 687 4296 92.

410 4333 439 4395 4)
459 4334 515 4383 Silet
544 4333 663 4402 Vepatiaa
699 4337 772 4388 liliam
792 4337 929 4390 Foreelliai
948 4345 1035 4389 mutum
1054 4344 1100 4387 tres
1118 4335 1168 4385 illos
1187 4334 1248 4386 locos
1267 4333 1338 4385 allen.

411 4423 438 4494 ὅ)
459 4423 557 4495 Lange,
575 4442 626 4492 pag.
644 4425 688 4478 ²0.
