3196 5270
645 341 685 401 33

182 506 292 569 Omnia
315 509 465 590 quasillo
487 509 651 590 disputavit
674 510 719 571 bis
742 508 807 572 iere
829 509 914 570 reddi
940 517 1078 592 possunt.
1133 510 1236 574 Soleus

94 614 215 694 quidem
237 616 364 676 Latinos
387 637 477 697 qnam
501 635 593 698 saepe
615 616 727 699 aliquid
750 618 862 678 lactum
885 637 953 678 esse
973 616 1105 679 indicere
1124 618 1239 679 vellent

94 718 124 778 id
147 721 319 799 exprimere
340 741 396 800 per
418 721 576 782 formulam
600 728 657 782 doro
677 735 786 798 tumque
803 717 844 803 ¹),
874 721 945 783 inde
978 740 1050 784 vero
1080 741 1141 782 non
1169 743 1237 782 con·

93 827 189 904 sequi,
212 824 264 886 ubi
284 833 371 901 pauci
396 829 446 889 vel
475 851 679 904 nonnumquam
710 829 809 891 dicere
840 829 931 891 vellet
960 830 1104 909 scriptor,
1134 830 1238 909 utique

93 953 125 990 oo
138 934 318 1011 particulam
342 937 541 996 neeessariam
558 956 634 998 esee.
682 937 744 998 Sed
757 957 821 998 rem
837 939 879 998 sic
893 957 926 998 se
942 937 1054 999 habere
1070 945 1104 998 ut
1115 937 1238 1016 scripto-

94 1058 142 1099 res
166 1041 192 1100 si
214 1061 370 1102 numerum
394 1052 528 1105 autnon
551 1052 676 1125 possent
698 1052 837 1106 accurate
866 1044 1015 1119 indicare,
1046 1045 1117 1124 quia
1145 1045 1239 1106 nesci·

1 1183 2 1196 .
93 1156 179 1230 rent,
202 1155 257 1209 ant
278 1169 338 1209 non
360 1151 473 1212 vellent
488 1152 620 1234 delinire,
640 1155 711 1234 quie
724 1153 799 1214 nihil
815 1154 989 1226 interesset,
1012 1159 1075 1213 tum
1092 1151 1240 1214 dicerent:

94 1259 151 1314 duo
171 1267 280 1332 trusum
308 1265 339 1316 at
361 1255 519 1318 formulam
542 1266 598 1319 duo
619 1271 727 1335 tresque
748 1260 917 1336 significare
940 1259 1015 1320 duas
1037 1258 1173 1338 ejusdem
1197 1261 1241 1319 rei

95 1363 212 1440 species
236 1360 359 1447 (nempe
379 1373 501 1444 praeter
523 1366 605 1426 illam
635 1386 724 1448 quam
752 1374 843 1427 antea
873 1367 1021 1426 concessit
1051 1366 1240 1446 significatio·

95 1468 197 1546 nem),
222 1489 349 1550 querum
372 1470 410 1531 acl
433 1472 559 1532 alterum
581 1473 664 1552 prior
686 1471 726 1533 ed
749 1471 875 1532 alteram
905 1470 981 1533 alter
1003 1491 1143 1532 numerus
1165 1473 1242 1533 refe·

94 1573 208 1634 sendus
230 1583 321 1636 esset.
360 1576 446 1655 'Ergo
470 1585 500 1638 et
521 1579 588 1638 loco
604 1576 655 1639 illo
675 1597 714 1639 ex
728 1576 871 1657 Agricola
886 1578 1044 1659 ‹lssrunpto
1060 1599 1112 1654 que
1129 1580 1241 1658 optimo

92 1659 161 1763 jure
182 1684 323 1759 retineri,
346 1704 436 1764 quum
459 1685 572 1746 inesset
594 1704 717 1746 sensus:
739 1707 824 1745 rurus
845 1697 884 1746 ost
908 1691 1029 1745 duuuu
1055 1707 1139 1747 rurus
1159 1690 1243 1746 turon

96 1796 240 1852 unitatum
260 1802 411 1851 conuentus.

182 1898 272 1958 Hoeo
293 1898 457 1978 explicatio
480 1897 627 1959 formulae
649 1903 705 1960 duo
724 1911 831 1974 tresque
852 1900 949 1981 primo
974 1900 1081 1961 obtutu
1104 1918 1165 1959 non
1178 1900 1242 1979 pla·

98 2014 144 2066 cet
168 2007 241 2086 quia
262 2004 365 2085 biceps
389 2013 444 2066 est.
489 2004 566 2066 Nam
591 2005 669 2066 duee
697 2007 769 2068 illae
798 2007 1031 2083 significationes
1061 2006 1134 2067 nihil
1164 2025 1243 2065 com·

97 2134 188 2175 mune
209 2116 290 2174 inter
312 2132 344 2173 se
367 2113 488 2174 hebent.
542 2113 711 2174 Intruditnr
738 2114 829 2191 igitur
858 2115 888 2174 in
911 2132 1078 2175 sermonem
1102 2115 1244 2174 Latinum

1 2247 2 2262 ¹
98 2221 264 2282 obscuritas
288 2219 369 2280 houd
398 2239 506 2300 parvo,
539 2239 631 2300 quum
661 2219 840 2301 ubicumque
872 2219 930 2280 hoc
959 2223 1146 2282 enuntiatum
1168 2220 1243 2300 legi·

1 2315 2 2328 ¹
97 2329 217 2390 musio
240 2327 381 2404 ambiguo
405 2328 508 2396 simus,
531 2347 662 2406 quonam
684 2326 774 2388 modo
796 2328 990 2407 intelligatur.
1045 2327 1244 2408 significatio·

96 2455 167 2498 nem
190 2455 265 2496 vero
288 2436 379 2512 longe
401 2435 628 2495 usitatissimam
651 2453 718 2496 eam
742 2454 809 2496 esse
825 2453 902 2516 quoe
917 2435 1009 2510 vulgo
1024 2434 1147 2508 teratur,
1164 2434 1245 2496 haud

98 2543 189 2605 dubie
212 2543 341 2604 Wexius
363 2541 500 2602 omnibus
521 2541 675 2619 largietur.
731 2541 794 2604 Sed
821 2543 847 2603 is
869 2557 989 2623 quoque
1021 2561 1110 2622 quem
1142 2543 1246 2602 statuit

98 2671 164 2712 esse
187 2669 306 2711 sensnm
329 2649 477 2709 formulae
499 2655 555 2710 duo
576 2662 663 2712 tresue
684 2670 744 2710 non
768 2668 806 2709 ex
829 2649 910 2710 omni
927 2656 1014 2729 perte
1032 2647 1147 2710 sufficit.
1171 2649 1245 2710 Mihi

1 2795 2 2798 =
99 2779 136 2819 ex
160 2757 310 2838 exemplis
331 2757 465 2836 undique
487 2758 637 2833 congestis
660 2757 691 2818 id
714 2756 795 2817 olere
826 2774 973 2836 apparere
995 2754 1173 2838 videbatur,
1203 2757 1246 2815 sic

100 2885 220 2948 semper
242 2865 369 2926 indicari
389 2864 536 2924 inlinitum
560 2865 698 2945 quidem,
726 2869 923 2941 porcieuinrou
953 2871 1053 2924 temen
1082 2883 1246 2939 numerum,

100 2973 143 3035 ite
164 2983 199 3035 nt
220 2972 302 3034 houd
324 2991 393 3034 raro
415 2971 594 3033 vocobulum
615 2984 671 3032 tres
693 2991 842 3034 summum
865 2977 959 3051 ponet
981 2989 1148 3045 numerum,
1170 2971 1248 3033 ultra

100 3100 187 3163 qoem
213 3080 418 3142 excedendum
450 3099 511 3139 non
541 3081 600 3160 sit,
634 3079 715 3159 quod
746 3081 835 3140 etiam
870 3079 944 3159 ipsis
974 3077 1135 3158 exemplis,
1170 3099 1249 3160 quae

100 3191 228 3252 Wexius
250 3189 338 3249 aiicrt
361 3189 391 3248 in
414 3185 518 3247 adnot.
540 3205 611 3267 pag.
634 3190 675 3250 30
704 3186 926 3269 comprobetur.
981 3185 1124 3248 Ceterum
1156 3186 1194 3248 de
1216 3187 1247 3247 vi

101 3299 152 3359 illa
175 3297 358 3375 disjunctive
380 3293 557 3369 videamus,
578 3312 668 3374 quam
698 3295 748 3357 W.
772 3292 938 3374 particulae
960 3315 1012 3369 quc
1033 3293 1146 3353 tribuit.
1192 3295 1247 3354 At·

101 3425 159 3486 que
181 3406 225 3465 sic
254 3422 320 3463 sem
348 3401 510 3483 aliquando
538 3401 683 3474 inveniri,
716 3402 782 3480 ipse
815 3419 907 3479 supra
941 3399 1087 3479 exemplis
1120 3399 1248 3466 ostendi,

101 3512 163 3573 Sed
184 3512 226 3573 ibi
249 3529 310 3571 non
333 3509 371 3571 de
393 3510 524 3569 numeris
546 3509 654 3586 agitur.
699 3508 770 3569 Jom
794 3508 820 3567 si
836 3507 887 3567 W.
910 3507 1014 3566 nititur
1037 3504 1153 3566 (luobus
1174 3506 1247 3567 locis

102 3639 228 3701 quorum
257 3618 334 3678 alter
363 3623 409 3677 est
442 3617 509 3678 Liv.
539 3616 603 3692 IX,
638 3619 693 3678 18:
725 3622 810 3676 duros
842 3620 1002 3689 visurosque
1035 3618 1096 3673 dies
1132 3619 1248 3688 quidun

101 3733 278 3802 rimaturum,
301 3745 379 3784 nemo
397 3729 464 3800 pou
487 3745 572 3798 quoru
593 3746 696 3784 ortuum
718 3728 890 3784 consulatum
910 3725 1007 3796 pessit,
1029 3720 1125 3780 alter:
1155 3720 1247 3782 Oorn.

101 3838 180 3916 Nep.
203 3834 298 3894 Attin.
322 3834 386 3893 18:
408 3837 451 3890 c'to
471 3845 503 3890 ut
522 3838 573 3892 sub
594 3837 764 3907 siopulorwu
792 3833 959 3905 bosphorius
990 3835 1071 3900 suctu
1097 3831 1247 3900 maaiana-

100 3956 196 4018 tusque
217 3962 310 4002 corruo
330 3961 386 3999 uon
415 3943 536 4014 amplius
565 3943 707 4014 quaternis
737 3942 881 4014 onocoetae
910 3939 1033 3996 uersibus
1061 3937 1246 4009 deeuipwrr‘t,

101 4050 319 4112 hosfecillime
342 4047 502 4127 adipsum
534 4067 632 4108 meum
662 4047 839 4109 beneficium
870 4053 1052 4106 convertam.
1108 4042 1247 4121 Namque

102 4158 223 4220 hercule
244 4158 291 4216 vis
315 4154 506 4215 distributiva
539 4155 587 4215 hic
616 4175 676 4216 non
699 4156 799 4235 posita
827 4161 874 4214 est
904 4153 935 4212 in
964 4151 1163 4230 copulaque,
1193 4148 1248 4209 sed

103 4293 385 4307 -n——t—fl-

175 4383 200 4452 i)
218 4383 282 4434 llano
300 4394 369 4431 unum
396 4378 517 4430 termulum
539 4354 588 4446 pro¹
610 4382 714 4446 exemplo
732 4380 843 4443 adhibeo,
868 4377 935 4444 albus
961 4391 1019 4441 orreo
1037 4377 1065 4426 de
1084 4391 1109 4425 ea
1129 4375 1246 4438 disputan·

104 4483 140 4525 tur
157 4477 185 4526 de
203 4475 309 4526 omnibus
327 4471 419 4534 intelligi
439 4473 504 4526 velim
523 4489 581 4540 ques
600 4473 685 4525 similos
704 4482 764 4524 suot.

940 4563 958 4617 3
