3188 5252
671 293 731 354 129

130 469 204 523 talia
223 467 353 538 jaciebat.
406 463 561 524 Interdum
593 472 692 542 autem
723 461 872 526 difficilius
901 473 946 524 est
974 461 1012 524 ad
1038 462 1272 544 dijudicandum,
1302 449 1305 458 ’

130 593 231 632 nonne
261 574 291 632 in
320 572 488 654 asyndeton
520 573 684 633 intenderit
717 576 853 654 scriptor.
909 574 1010 636 Germ.
1034 575 1093 633 44:
1129 596 1178 632 aee
1205 579 1273 634 aclis

130 684 339 755 maritantem,
361 703 410 740 aec
431 703 519 742 remos
541 686 570 739 t‘a
592 686 715 741 ordinem
741 686 874 741 lateribrm
895 687 1057 756 adjaceant.
1113 683 1190 740 Anu.
1213 682 1271 755 ΙΙΙ,

132 790 189 849 44:
213 801 291 849 tanto
311 794 461 866 impensius
481 795 512 850 ia
533 795 706 850 aemritatem
727 796 891 866 competitas
910 814 996 868 aeaeae
1016 797 1075 852 ioca
1097 813 1182 865 aeque
1196 796 1274 849 valta

131 910 237 958 mutato
258 903 309 957 aad
329 911 359 956 at
380 903 490 958 solimam
508 919 561 972 per
581 902 646 957 ittae
668 903 728 957 dies
749 903 809 973 ecit.
854 898 884 979 b)
910 900 988 959 Aun.
1011 895 1054 971 Π,
1079 901 1114 958 3:
1153 921 1202 957 aec
1226 904 1272 956 Τι’·

132 1009 217 1079 orani
251 1009 412 1064 diamant
447 1010 593 1080 imperium
620 1011 677 1076 fait
703 1029 789 1082 aeque
819 1011 912 1068 liberm
944 1012 1012 1081 ejae.
1058 1001 1093 1082 ll,
1118 1007 1153 1064 7:
1187 1027 1273 1080 aeqae

133 1116 206 1172 sitio
227 1118 260 1172 ob
281 1118 383 1173 cabitos
403 1118 503 1173 imbres
525 1117 596 1172 altat
618 1126 709 1172 actam
730 1137 814 1189 qaam
842 1127 873 1174 at
894 1120 1033 1175 modicam
1056 1121 1197 1189 praedam
1226 1136 1273 1173 ra-

130 1234 226 1297 peret,
258 1244 343 1298 aeaeae
366 1227 483 1282 Comari
503 1227 612 1297 copiam
637 1246 750 1298 procae
780 1247 932 1299 opeeeeoree
948 1232 1053 1299 fecere.
1098 1223 1190 1296 XIII,
1214 1225 1271 1282 47:

134 1349 380 1402 commeaveram
402 1334 548 1404 qaisquam
570 1351 656 1404 neque
676 1336 814 1391 clientium
836 1335 934 1391 Saliae
956 1336 1095 1406 adamitae.

219 1475 336 1535 Eodem
361 1474 468 1537 modo:
490 1497 539 1534 aec
563 1509 602 1520 -
626 1488 665 1534 et:
690 1477 768 1536 Hist.
794 1477 853 1555 111,
879 1481 931 1538 75:
953 1483 1030 1537 cacis
1052 1481 1201 1554 testatior-me
1229 1481 1274 1535 Vi·

136 1587 263 1642 telle‘anos
285 1589 442 1643 obruebant.
464 1606 550 1658 neque
572 1588 630 1643 aaa
650 1607 749 1643 manae
769 1589 825 1642 aiei
844 1590 950 1660 alodiis
973 1598 1114 1660 armatae,
1137 1597 1163 1642 et
1185 1605 1275 1642 areos-
1303 1589 1309 1608 '

135 1712 193 1749 sere
214 1703 349 1750 tormenta
381 1703 430 1751 aat
458 1695 577 1749 missilia
606 1697 662 1750 teta
692 1696 802 1766 tanqam
833 1696 988 1750 videbator.
1044 1690 1104 1751 Cur
1133 1711 1151 1748 a
1174 1690 1274 1748 multis

139 1795 302 1854 editoribus
325 1806 395 1856 ante
418 1808 444 1855 et
466 1799 597 1876 positum
622 1798 660 1855 sit
683 1799 854 1870 semicolon,
888 1809 1029 1879 tanquam
1054 1798 1132 1858 duae
1155 1806 1274 1856 senten·

137 1903 196 1960 tiae
218 1900 307 1982 plene
330 1914 430 1984 essent
453 1904 684 1974 discernendae,
724 1908 854 1984 ingenue
886 1905 983 1966 fateor
1015 1926 1061 1966 me
1082 1927 1142 1965 non
1165 1905 1276 1964 intelli-

137 2029 218 2088 gere.
263 2011 344 2070 Anu.
367 2012 393 2088 I,
418 2013 475 2073 15:
499 2035 585 2087 raeque
603 1997 725 2088 popalus
749 2020 908 2089 ademptam
927 2018 975 2092 jae
996 2027 1124 2089 quaestam
1146 2026 1199 2088 eet,
1222 2015 1278 2070 arai

136 2121 217 2176 inani
236 2115 360 2195 ramorei
398 2132 423 2178 et
444 2134 555 2179 semotae
578 2125 771 2196 territionibus
790 2144 824 2180 aa
848 2126 976 2196 praeibas
996 2124 1120 2178 cordedie
1141 2123 1277 2177 emolatae

135 2228 221 2283 titane
252 2230 343 2284 tenuit.
404 2231 482 2302 Quin
518 2231 609 2288 etiam
633 2242 658 2288 et
681 2263 720 2274 -
742 2251 792 2288 nec
821 2230 864 2287 sic
900 2207 1028 2287 inveniri
1061 2226 1276 2300 contenderim,

135 2334 215 2392 Anu.
239 2329 260 2406 l,
284 2337 341 2394 44:
379 2347 404 2394 et
424 2343 564 2411 gaudebat
595 2343 725 2396 caedibus
747 2343 825 2396 miles
853 2350 995 2411 tamquam
1015 2349 1097 2394 semet
1119 2339 1277 2410 abeolaeret,

135 2464 185 2500 aec
206 2446 310 2501 Caesar
332 2449 451 2520 arcebat,
488 2451 601 2520 qnando
623 2451 700 2505 mallo
720 2449 810 2520 ipeioa
828 2450 908 2516 jacea
925 2465 1011 2518 ponec
1031 2450 1138 2503 eoadem
1159 2447 1277 2500 eaem'te'a

129 2553 208 2624 sacti
229 2562 254 2609 et
274 2557 384 2611 invidio
407 2564 473 2611 erat.
528 2553 700 2611 Posuerunt
720 2553 841 2634 quidem
867 2553 1028 2612 semicolon
1052 2560 1122 2608 ente
1144 2571 1193 2608 aea
1216 2549 1276 2608 edi·

137 2669 233 2735 toree3
266 2660 320 2720 sed
343 2659 534 2719 manifestum
558 2669 613 2734 est,
637 2659 799 2720 Gaesarem
833 2670 862 2720 et
885 2661 996 2719 milites
1019 2658 1076 2718 sibi
1099 2659 1200 2717 stricte
1224 2678 1276 2737 op·

135 2769 216 2847 poni.
277 2763 459 2849 Ceteroquin
483 2768 629 2848 particula
651 2780 676 2826 et
697 2789 923 2849 supervacanea
946 2778 992 2828 eet
1021 2787 1055 2826 ac
1088 2767 1215 2826 difficilis
1239 2767 1277 2826 ad

138 2873 359 2952 explicandum.
381 2905 424 2919 ·-

224 3003 265 3061 At
288 3011 386 3060 exstat
409 3000 569 3082 aliquando
594 3025 642 3062 aec
665 3025 764 3063 -aec
787 3008 837 3077 ita,
861 3013 894 3063 ut
916 3012 1077 3081 utrumque
1100 3004 1276 3062 sententiam

139 3129 221 3169 suam
245 3110 404 3184 adnectat,
441 3130 539 3191 neque
570 3110 607 3170 de
638 3111 832 3190 responsione
863 3109 991 3190 quadarn
1015 3111 1206 3186 cogitandum
1231 3115 1277 3171 sit.

137 3217 208 3275 Hist
240 3211 286 3286 IV,
313 3219 370 3276 15:
394 3219 488 3275 statim
509 3220 604 3274 aace'ta'e
625 3219 729 3276 mata
751 3225 872 3275 damam
897 3221 1046 3277 cohortium
1067 3222 1189 3292 hiberna,
1208 3241 1276 3293 pro·

135 3329 212 3383 aima
233 3336 383 3398 occupata,
407 3328 517 3383 Oceano
537 3329 678 3399 inrumpit.
711 3346 760 3382 nec
776 3329 979 3399 praeciderant
1012 3330 1142 3399 impetam
1162 3331 1279 3385 hostiam

135 3437 244 3508 milites,
265 3454 314 3490 aea
335 3437 361 3489 εἰ
377 3437 585 3507 praecidissent
606 3437 676 3490 eatis
697 3435 798 3490 viriam
821 3436 861 3487 ad
883 3435 1032 3488 arcendam
1055 3442 1122 3489 erat.
1147 3427 1216 3506 Agr.
1241 3433 1277 3490 5:

135 3547 195 3601 Nee
217 3547 350 3616 Agricola
372 3545 483 3600 licenter
504 3565 578 3602 more
597 3547 728 3617 jecenam
759 3545 808 3615 qai
836 3543 965 3597 militiam
995 3544 1025 3596 ιἰι
1051 3543 1197 3598 lasciviam
1219 3563 1278 3600 oer-

136 3663 212 3723 taat,
244 3672 329 3724 aeqae
351 3654 468 3724 eeoaiter
491 3655 531 3707 ad
551 3655 706 3724 voluptatee
737 3661 763 3708 et
794 3660 958 3707 commeataa
988 3651 1097 3706 titolum
1124 3653 1280 3707 tridaaatao

136 3769 162 3816 et
182 3761 322 3817 imcite'am
343 3761 454 3816 rettulit.
500 3757 566 3834 Quo
592 3760 672 3817 nisus
687 3757 884 3839 fundamento
896 3743 1031 3814 chius‘
1045 3756 1191 3836 (prolegg.
1204 3754 1279 3837 137)

137 3863 332 3938 contenderit,
354 3865 447 3924 verba
470 3865 494 3924 si
517 3873 599 3926 reete
623 3866 776 3938 heberent,
799 3865 917 3940 legatur
934 3873 1088 3942 oportere:
1113 3875 1161 3921 aat
1183 3844 1282 3941 segni-¹

137 3983 183 4034 ter
206 4006 247 4016 -
270 3974 382 4052 quippe
404 3974 556 4049 glossema
580 3994 646 4033 esse
673 3982 778 4033 censet
801 4008 841 4017 —
869 3972 1008 4052 equidem
1033 3975 1148 4050 ignoro.
1203 3973 1279 4031 Nam

138 4089 171 4142 ut
195 4080 252 4139 dici
274 4089 376 4158 potest
397 4102 483 4153 aeque
506 4078 704 4138 antecedente
717 4103 771 4139 aon
795 4079 841 4138 vel
859 4079 916 4137 alia
940 4079 1109 4153 negatione,
1132 4077 1174 4135 ita
1190 4080 1280 4136 etiam

137 4198 206 4269 poet
230 4209 279 4246 aec
301 4189 459 4266 quominus
481 4197 610 4266 ponatur
633 4209 719 4261 aeqae
743 4207 800 4245 non
825 4185 912 4246 video
936 4185 1009 4266 quid
1032 4183 1141 4243 obstet.

223 4316 346 4374 Etenim
368 4314 500 4373 ostendit
521 4315 645 4373 Tacitus
670 4349 709 4357 —-
737 4322 770 4373 ut
795 4315 860 4392 jam
891 4313 929 4373 ad
951 4332 1032 4373 nova
1054 4311 1215 4392 procedam
1240 4347 1280 4359 -

138 4421 243 4480 miram
265 4421 295 4480 iu
318 4417 533 4497 componendis
556 4420 711 4478 sententiis
743 4420 791 4480 vel
821 4417 992 4480 notionibus
1016 4418 1164 4494 negativis
1188 4419 1281 4477 varie·
