3188 5252
891 321 952 400 ite

360 523 561 590 aspernentur,
587 515 702 570 Gallum
716 513 844 570 Asinium
866 515 981 570 acidane
1003 523 1037 568 et
1055 515 1195 583 miserere,
1219 508 1299 570 undo
1321 515 1415 588 patet,
1438 507 1500 568 'ra-

364 622 423 681 cito
445 621 499 679 has
523 619 684 697 particulas
707 619 772 678 sinc
794 637 903 694 magua
926 618 1150 694 significationis
1173 617 1349 677 diversitate
1371 633 1497 695 usurpa·

360 737 406 783 tes
430 743 505 800 esse,
528 724 639 802 quippe
663 729 726 782 cum
752 722 894 782 hocloco
917 723 973 781 soli
995 721 1161 782 rhetoricae
1183 719 1348 780 indulserit.
1392 721 1495 780 Etiam

360 833 441 892 Hiot.
464 829 516 909 IV,
541 831 581 888 14
612 833 692 902 iture
720 831 824 889 Vitellii
844 835 1018 889 Batauorum
1044 834 1171 901 iuventae
1194 833 1235 886 ad
1255 832 1383 887 dilectum
1415 848 1495 888 voea-

360 947 457 1013 butur,
494 959 572 1014 quem
600 951 698 1014 mepte
727 949 829 997 nutura
863 959 974 1011 erucem
996 941 1147 997 mutent
1168 941 1289 999 miniatii
1316 940 1440 995 aceritiu
1462 957 1497 993 uc

360 1053 435 1122 lucu,
458 1068 533 1106 renea
555 1058 604 1103 out
624 1048 765 1104 inualidos
787 1049 980 1120 conquirendo,
1003 1065 1070 1118 quot
1090 1047 1179 1118 metio
1194 1047 1377 1102 dimitterent:
1397 1065 1496 1101 rurum

359 1158 482 1227 impubes
503 1157 566 1210 sed
582 1157 682 1224 formu
703 1153 845 1224 conspicui
865 1185 905 1194 —
929 1157 970 1208 ud
990 1161 1115 1224 stuprum
1136 1153 1322 1222 trahebantur,
1346 1147 1497 1206 invocula

357 1265 408 1319 aed
430 1279 489 1318 nou
513 1257 697 1316 offendamus
708 1254 740 1338 ¹),
763 1277 832 1315 nam
854 1257 932 1315 inter
954 1255 1102 1316 invalidos
1127 1275 1247 1336 quoque
1278 1259 1400 1330 impretee
1428 1274 1496 1314 esse

361 1376 507 1448 poterant.
553 1364 644 1425 Certa
665 1362 715 1424 Iex
735 1363 844 1425 deduci
865 1385 924 1424 non
946 1372 1061 1443 poteat;
1095 1365 1211 1424 accedit
1240 1361 1320 1444 quod
1342 1363 1496 1424 codicibus

359 1475 414 1534 hac
437 1475 466 1530 in
489 1491 521 1530 re
544 1470 683 1530 contiuua
705 1470 781 1529 fides
804 1489 862 1530 non
887 1469 1024 1529 habende
1047 1475 1102 1542 est,
1125 1469 1387 1549 ieciIIImequeaed
1402 1478 1496 1548 atque

358 1593 384 1641 et
405 1575 545 1639 confundi
567 1584 717 1656 poteraut.
739 1578 817 1636 Anu.
840 1576 932 1650 xm,
948 1579 989 1636 22
1007 1578 1070 1654 jam
1088 1576 1230 1636 Heinsius
1253 1577 1398 1655 conjecit:
1434 1581 1497 1634 rect

358 1692 446 1746 carita
474 1708 536 1746 moe
557 1689 663 1743 ortitru
685 1689 791 1756 almum
821 1683 951 1743 nuncid
981 1687 1078 1763 ipsum
1102 1683 1255 1743 Mediceus
1277 1683 1426 1762 praebere
1452 1684 1496 1742 vi-

359 1793 457 1853 detur.
500 1789 580 1850 Anu,
602 1783 650 1866 IV,
674 1790 715 1850 63
740 1787 852 1848 arridet
874 1788 1015 1848 Bervcldi
1031 1789 1221 1867 conjectura:
1244 1791 1385 1862 coafitetur
1405 1792 1498 1858 factet

358 1913 391 1959 et
407 1923 466 1974 pur
480 1905 580 1972 formo
601 1897 648 1956 cui
670 1897 809 1955 Heraeus
830 1915 948 1975 quoque
970 1896 1146 1955 assentitur:
1169 1904 1201 1954 at
1218 1896 1413 1955 necessariam
1427 1915 1496 1954 eam

358 2026 425 2068 esse
447 1999 499 2066 vir'r
521 2005 673 2085 probetur.
697 2038 737 2048 ·-
781 2004 940 2063 Transitur
962 2021 1017 2083 per
1038 2011 1088 2062 red
1110 2002 1148 2062 ed
1171 2021 1258 2082 nove,
1281 2003 1331 2082 qui
1354 2011 1401 2061 est
1423 2023 1499 2062 usna

360 2111 599 2187 vulgatissimus:
631 2109 733 2171 Germ.
755 2111 809 2170 45:
839 2117 889 2169 sert
919 2124 944 2169 et
972 2131 1049 2170 mure
1071 2123 1237 2171 scrutantur.
1282 2107 1364 2171 Hist.
1387 2112 1410 2184 1,
1434 2115 1497 2173 48:

358 2225 407 2278 aed
436 2222 530 2276 Vintur
550 2220 677 2276 Galliam
699 2221 904 2276 Narbonensem
925 2239 1016 2278 cerere
1043 2223 1199 2294 intenteque
1224 2224 1304 2278 rexit.
1357 2219 1436 2280 Hiar.
1461 2219 1497 2292 ss,

361 2327 395 2383 1:
438 2328 488 2381 aed
507 2325 605 2394 culeus
632 2324 756 2394 tetendi
785 2325 898 2379 auidum
927 2327 1098 2397 diaperoerut
1119 2328 1235 2382 accitam
1256 2329 1287 2381 in
1309 2329 1495 2398 adoptionem.

360 2430 419 2490 Sed
443 2430 686 2488 honorationem
712 2427 750 2488 ub
772 2447 823 2500 ea,
859 2449 936 2508 quae
959 2439 1112 2503 coerceat,
1144 2449 1360 2509 saepenumero
1390 2432 1496 2492 distin·

358 2539 410 2614 gui
433 2539 486 2597 vix
509 2555 607 2616 posse,
627 2536 729 2614 palam
752 2544 808 2595 est.
838 2569 867 2579 -
908 2534 1088 2596 Gradatioui
1110 2537 1250 2595 inservit:
1288 2538 1369 2596 Hist.
1391 2533 1413 2611 I,
1435 2540 1496 2600 85:

356 2650 407 2702 sed
423 2646 577 2717 pluteum
598 2644 793 2714 trepidationis
815 2644 845 2698 in
862 2645 982 2715 prmtico.
1006 2635 1036 2714 I,
1061 2641 1118 2699 52:
1151 2648 1202 2701 aed
1221 2649 1342 2716 profero
1363 2647 1497 2717 crepidine

357 2764 382 2809 et
404 2755 507 2824 inoiyne'
526 2753 676 2808 temeritate
703 2753 790 2822 leuati
816 2753 959 2822 teutonum.
1006 2742 1053 2822 IV,
1077 2750 1132 2808 74:
1168 2756 1219 2809 red
1239 2755 1316 2809 nedae
1346 2755 1497 2811 mammam
1529 2785 1533 2790 ·

357 2863 513 2930 discrimen,
535 2879 618 2932 persea
631 2879 698 2930 quoa
720 2857 855 2916 deremet
877 2877 951 2931 oper,
969 2861 1142 2932 praemeruit
1164 2861 1296 2917 beliorum
1317 2881 1439 2919 euroeae.
1454 2895 1494 2908 --

355 2966 426 3026 dam
449 2966 596 3024 edurum
620 2965 776 3037 venimus,
809 2983 925 3043 exque
950 2983 1005 3042 per
1026 2965 1202 3043 particulam
1228 2973 1279 3026 red
1300 2966 1339 3026 ed
1361 2987 1424 3027 rem
1448 2990 1495 3030 re-

357 3073 501 3144 ducimur,
524 3075 548 3130 si
572 3072 755 3148 digressione
786 3071 914 3131 velatio
938 3071 1027 3132 modo
1049 3071 1129 3133 filum
1157 3075 1300 3135 orationis
1322 3077 1497 3139 intercisum

356 3191 411 3253 est,
433 3198 581 3258 quemque
604 3186 675 3257 apta
696 3182 865 3252 reciprocum
887 3199 1044 3238 vocemus:
1080 3181 1160 3240 Hist.
1184 3176 1234 3254 III,
1258 3183 1316 3243 51:
1348 3191 1399 3242 aed
1426 3190 1497 3244 haec

355 3292 468 3376 aliaque
497 3308 529 3346 ee
562 3297 649 3344 uetere
675 3289 808 3344 memorie
832 3290 924 3360 petito
954 3319 996 3332 -
1024 3292 1102 3345 haud
1130 3293 1250 3347 absurde
1276 3295 1495 3352 memorabimus.

355 3394 430 3474 Agr.
454 3398 512 3456 30:
534 3399 584 3453 rect
605 3398 685 3452 nette
702 3399 763 3465 jum
785 3399 861 3452 ultre
881 3417 954 3469 eene,
977 3394 1027 3454 ubi
1045 3396 1134 3474 plura
1157 3395 1210 3456 dat
1225 3397 1360 3472 Woxiue,
1384 3399 1496 3479 quibus

355 3505 450 3563 addas
484 3505 562 3561 Anu.
585 3498 607 3581 I,
631 3505 687 3561 31:
716 3507 766 3559 aed
794 3507 892 3575 quibus
913 3506 1001 3561 sitim
1022 3509 1221 3563 moderationes
1248 3512 1306 3568 etc.
1357 3505 1496 3593 'Omnino

298 3631 302 3639 ·
354 3609 397 3668 sic
419 3615 579 3685 usurpatur
601 3613 658 3680 rect,
680 3607 704 3664 si
730 3604 897 3666 deflectitur
920 3609 1014 3666 oratio
1037 3607 1076 3668 ab
1098 3609 1134 3667 iio
1156 3628 1235 3689 quae
1258 3610 1354 3669 obiter
1377 3619 1496 3672 tantum

354 3726 385 3777 et
406 3735 461 3794 per
485 3715 669 3774 occasionem
693 3724 856 3772 memorata
878 3723 963 3786 aunt,
983 3725 1019 3774 ut
1039 3718 1069 3775 in
1090 3718 1252 3796 prooemiis
1290 3718 1328 3776 cf.
1367 3719 1448 3779 Anu.
1472 3717 1495 3794 I,

303 3813 305 3817 V
356 3829 388 3885 1:
411 3829 461 3882 sed
482 3827 579 3882 veterio
596 3825 698 3896 popuii
718 3824 840 3880 Romaest
856 3843 996 3894 prospera
1021 3825 1065 3880 oet
1092 3828 1213 3884 adverae
1241 3829 1327 3884 clm-ie
1347 3830 1494 3900 scriptori-

353 3940 401 3992 tue
423 3943 574 3990 memorate
602 3941 671 3988 aaut.
729 3927 832 4002 Quare
860 3931 959 3989 inesse
993 3939 1094 4008 potest
1122 3933 1316 4008 significatio:
1351 3943 1384 3993 ut
1417 3935 1496 3996 heac

352 4039 443 4098 missa
463 4035 621 4096 faciemus:
646 4030 723 4094 Aun.
747 4030 795 4110 III,
819 4037 876 4094 63:
897 4041 947 4094 sed
969 4040 1207 4097 mttmeumieam
1229 4043 1492 4114 utruqueDiunom

351 4158 399 4204 oet
421 4149 578 4220 Apottteem
599 4146 756 4202 veremundi.
803 4142 919 4204 Deinde
942 4162 981 4203 ex
1003 4163 1057 4204 usu
1082 4145 1133 4205 illo
1157 4147 1308 4226 reciproco
1333 4149 1490 4228 explican-

424 4494 448 4554 1)
469 4489 571 4538 Halmius
590 4487 661 4537 edidit
681 4493 713 4536 et.
