3196 5270
885 282 933 358 m,

240 522 243 533 Ι
336 448 407 509 bare
424 449 550 528 judicat,
594 449 654 512 Sed
687 469 739 510 cur
767 457 829 510 tam
858 451 972 512 nefarie
1002 449 1247 512 circumcidamus
1279 447 1470 510 consumier

336 556 441 615 valet
462 569 487 615 at
508 561 624 616 amatae.
648 555 734 632 Quae
757 557 868 616 fuerint
889 558 964 618 haec
986 558 1088 617 inania
1110 555 1231 645 honoria
1254 551 1470 634 praeterludoe

336 661 401 742 ipae
421 661 548 722 Wexiua
571 663 602 721 in
623 662 758 741 prolegg.
780 681 849 741 pag.
874 666 937 723 170
960 662 1124 749 adjuvante
1145 661 1232 722 Livio
1256 657 1321 744 (34,
1337 657 1392 738 57)
1416 677 1469 720 noe

338 767 434 828 docet.
477 768 563 829 Idem
585 769 631 827 vir
655 767 759 828 doctus
783 769 821 828 de
843 769 923 829 Hiat.
945 770 1000 844 111,
1014 771 1070 829 24:
1092 791 1183 830 omncs
1203 790 1252 844 ape
1269 771 1466 844 procreaturae

337 879 487 934 caecamur
517 874 579 933 tale
601 875 776 951 suffragium
809 878 887 936 tulit.
932 875 994 936 Sed
1029 897 1092 950 aper
1122 883 1185 934 est:
1214 895 1283 955 sper
1313 875 1467 946 victoriae,
1529 899 1534 906 ’

334 985 486 1056 promisca:
508 982 657 1061 promiaaa
677 986 878 1064 praemiorum
901 982 1101 1062 praedaeque

423 1087 501 1148 Ann.
524 1086 566 1159 ΙΙ,
598 1091 654 1150 72;
683 1111 743 1148 man
769 1093 985 1165 mapaitudr'nem
1014 1101 1039 1148 ct
1065 1092 1231 1163 pravitatem
1259 1111 1381 1148 mammae
1412 1095 1471 1158 for-

337 1209 419 1254 tunae
439 1199 575 1268 retineret,
609 1199 746 1254 timidiora
767 1208 792 1254 et
813 1199 1009 1269 adroprratt‘om
1031 1200 1169 1269 effnporat.
1214 1194 1295 1254 Male
1316 1195 1389 1256 feeit
1412 1195 1470 1256 Ro·

337 1301 427 1371 thius,
452 1301 532 1382 quod
557 1301 716 1381 explicuitr
741 1300 887 1360 invidiam
910 1322 987 1382 quae
1010 1302 1188 1380 adrogantia
1210 1308 1357 1362 movetur.
1391 1301 1481 1364 Sane

337 1424 374 1465 ea
396 1425 455 1465 non
480 1406 666 1484 intelligitur,
689 1408 743 1468 aed
765 1409 879 1469 invidia
900 1429 990 1490 quam
1005 1410 1072 1488 ipsa
1094 1408 1214 1468 fortuna
1224 1410 1322 1487 gignit
1344 1427 1472 1470 summa.

336 1512 437 1572 Tanta
459 1521 525 1572 erat
546 1514 894 1575 comitateGermanicua
916 1536 952 1576 ac
966 1516 1203 1588 mansuetudine,
1226 1522 1270 1589 ut,
1292 1515 1374 1595 qnod
1396 1512 1471 1574 aliae

336 1618 402 1677 fieri
425 1617 510 1696 solet,
548 1638 663 1678 summo
693 1621 757 1698 ejus
789 1620 908 1698 fastigio
938 1643 998 1684 non
1019 1622 1210 1698 invideretur,
1232 1631 1266 1684 ut
1286 1623 1375 1682 simul
1396 1619 1473 1681 nihil

337 1725 368 1786 in
391 1745 426 1786 eo
450 1736 530 1786 esset
552 1726 590 1787 ob
613 1729 763 1789 fortunam
795 1731 998 1808 adrogantiae
1023 1763 1061 1776 -
1084 1731 1170 1792 Idem
1193 1731 1224 1790 ia
1246 1729 1472 1804 Ann.11‚8a:

334 1839 443 1910 parada
463 1840 575 1894 cilentio
598 1849 623 1894 et
643 1841 757 1912 percitae
788 1839 887 1897 nescio
910 1838 982 1918 quid
1004 1837 1124 1918 viderit,
1162 1856 1254 1917 quum
1276 1836 1471 1896 clarissimam

337 1940 469 2001 habeant
490 1943 766 2021 interpretationem
790 1960 828 2000 ex
841 1943 877 2001 iia
900 1962 978 2022 quae
1003 1950 1182 2022 aequantur:
1204 1937 1275 2024 ciiii
1294 1945 1472 2017 commoritura

336 2053 367 2106 ic
395 2053 599 2108 corrrctionem
636 2057 666 2108 et
712 2049 815 2127 paullo
845 2057 934 2128 poet:
980 2053 1065 2108 attiae
1109 2053 1210 2108 mtirrria
1243 2053 1407 2110 maerebant.
1430 2080 1473 2092 -

276 2169 280 2177 “
337 2157 417 2216 item
439 2158 521 2216 Anu.
543 2156 604 2230 III,
626 2157 682 2217 36:
714 2161 819 2230 probra
840 2169 866 2215 ct
886 2161 1004 2216 inuidia.
1026 2190 1070 2200 -
1091 2155 1172 2216 Hiet.
1194 2155 1235 2230 11,
1260 2159 1318 2217 12:
1348 2159 1473 2216 dimidia·

338 2270 419 2323 batur
447 2269 548 2340 coeptio
576 2271 702 2337 fortuna,
727 2285 858 2338 posterea
884 2286 1043 2340 peratore
1071 2277 1097 2323 at
1125 2286 1210 2324 aaran
1239 2269 1346 2338 maiora
1367 2269 1474 2324 Italiac

337 2384 426 2446 parto.
470 2372 579 2452 Inepte
602 2371 783 2460 explicatur:
820 2391 875 2452 per
904 2391 997 2432 navae
1028 2390 1111 2432 mare
1140 2379 1288 2445 tenentes,
1317 2379 1472 2452 tamquam

340 2480 430 2540 etiam
460 2479 497 2540 de
520 2477 647 2539 navibus
669 2481 699 2538 in
725 2486 805 2539 terra
827 2479 953 2558 cogitari
975 2487 1090 2558 poseat.
1133 2477 1166 2539 Si
1189 2478 1263 2538 nihil
1284 2478 1367 2538 alind
1390 2479 1474 2557 vole-

339 2586 390 2646 bat
411 2586 554 2658 Tacitue,
578 2586 670 2646 verba
694 2607 747 2661 prr
767 2609 845 2646 mora
867 2587 987 2646 omniuo
1010 2585 1177 2646 omittenda
1199 2593 1294 2645 eraut.
1338 2583 1402 2646 Sed
1424 2604 1473 2645 ree

339 2697 371 2754 in
393 2713 429 2754 eo
452 2704 498 2755 eet
527 2694 608 2773 quod
630 2694 669 2753 ad
693 2695 881 2754 enuntiatum
902 2694 1019 2774 poetice
1043 2702 1073 2753 et
1095 2694 1232 2773 quaerite
1255 2692 1366 2754 dictum
1390 2694 1474 2754 aliud

339 2803 370 2861 ia
400 2801 582 2881 explanandi
612 2801 702 2860 finem
734 2801 865 2862 additur.
910 2802 1022 2862 Facete
1053 2802 1131 2861 enim
1160 2801 1285 2862 Tacitus
1313 2821 1369 2880 per
1397 2825 1475 2862 mara

339 2929 509 2990 possessam
531 2910 639 2970 Italiae
670 2917 787 2989 partem
820 2906 898 2984 dicit,
931 2913 1002 2990 quia
1033 2929 1116 2970 mare
1145 2911 1290 2990 imprimis
1319 2920 1354 2970 nt
1374 2919 1474 2972 terrae
1514 2975 1515 2980 ,

340 3019 511 3100 oppositum
543 3015 735 3097 cogitatur1):
772 3019 898 3079 mittelet
928 3019 981 3080 dea
1004 3017 1144 3107 Waagera
1179 3018 1283 3080 beares
1315 3025 1394 3078 mau'
1418 3018 1474 3079 dae

340 3125 429 3188 Laod
440 3122 473 3210 ²).
495 3159 537 3172 -

684 3296 851 3373 CAPUT
895 3296 1137 3374 TERTIUM.

340 3445 398 3506 DE
423 3441 690 3514 consonans
720 3442 991 3516 NOTIONIBUS,
1021 3442 1135 3518 QUAE
1167 3440 1325 3504 SIMILIA
1347 3439 1474 3504 SIGN!-

437 3551 606 3613 monna.
632 3585 669 3595 -
694 3549 751 3609 DE
774 3547 1072 3610 RESPONSIONE
1095 3548 1379 3612 MEMBBORUM.

427 3784 828 3862 commissuraeverborum,
853 3783 891 3844 de
913 3784 1020 3865 quibua
1043 3784 1260 3865 disputavimus
1283 3784 1372 3847 iniis
1395 3803 1475 3863 quae

341 3895 535 3978 praecedunt,
566 3896 609 3954 ita
630 3901 821 3973 comparatae
846 3905 939 3967 erant,
963 3903 996 3953 ut
1019 3893 1058 3952 ad
1079 3912 1170 3952 unam
1202 3891 1388 3972 eandemque
1409 3911 1475 3952 rem

342 4003 558 4080 designandam
575 4003 826 4079 conjungerentur
848 4001 983 4060 notiones
1007 4001 1153 4074 diversae,
1177 4009 1208 4061 et
1230 4020 1355 4081 quaram
1378 4001 1476 4060 altera

414 4161 437 4226 t)
456 4163 511 4213 Vide
524 4165 661 4226 Waguarnm
680 4163 710 4212 ad
728 4163 794 4225 Varg.
818 4163 873 4212 rien.
893 4163 920 4225 x,
940 4161 1000 4212 377.

413 4254 439 4322 2)
459 4254 543 4306 Similia
563 4257 684 4306 verborum
702 4256 766 4306 lasus
784 4256 897 4307 invenitur
914 4255 973 4327 iiiut.
992 4254 1010 4318 1,
1029 4255 1076 4307 65:
1095 4256 1162 4306 arde
1180 4253 1316 4307 aemulatio
1335 4263 1359 4306 ct
1373 4255 1475 4306 inuidia

343 4353 365 4396 rt
381 4361 433 4396 uno
445 4361 520 4395 amaa
540 4344 700 4396 discretis
725 4361 907 4408 cortracum
925 4345 1018 4408 odiam,
1043 4352 1066 4395 ct
1085 4343 1142 4394 nist.
1168 4343 1204 4406 IV,
1225 4343 1254 4395 1:
1271 4344 1408 4408 interfecto
1433 4343 1475 4396 Υἱ-

344 4436 410 4490 tellio
423 4434 515 4488 bellam
533 4437 614 4505 mapia
633 4436 742 4487 desierat
753 4453 828 4503 qaam
848 4453 903 4504 pau
921 4445 1047 4505 coeperat.
