3188 5252
711 283 771 342 143

160 475 226 533 gar
247 452 353 536 nicht).
382 453 485 514 Liceat
500 453 605 514 afferre
614 453 761 533 exempla.
786 447 1003 534 a]Ann.l,53:
1023 457 1309 528 menttbratnifinis.

160 565 190 644 1,
204 567 263 624 59:
274 586 360 639 neque
364 569 477 639 probris
492 569 669 639 temperabat.
687 564 743 624 65:
757 583 843 638 neque
859 565 884 620 is
898 565 1073 621 cameriarum
1090 567 1166 636 finis.
1178 563 1227 637 II,
1252 565 1308 624 38:

161 695 257 748 neque
286 678 432 732 miseratum
461 685 500 732 est
537 679 652 748 posthac
682 677 813 732 tiberius.
850 671 937 748 XII,
956 672 1012 732 43:
1045 684 1074 730 ot
1095 676 1215 731 Hercule
1244 675 1309 732 otim

164 781 263 837 Italia
284 782 433 852 septenum
456 782 620 853 longinquas
649 781 679 834 in
708 780 868 852 prouincias
898 789 1062 836 commeatus
1079 782 1230 851 portabat,
1262 799 1312 836 nce

164 905 244 942 nuuc
276 887 478 957 infecunditate
508 888 660 943 laboratur.
716 877 770 954 III,
792 883 849 943 44:
882 903 931 941 nec
960 886 1074 942 Galliae
1103 887 1311 942 cunctabantur.

164 991 227 1067 IV,
251 993 308 1051 68:
329 1014 378 1051 neo
398 996 582 1067 relinquenda
602 996 667 1050 urbe
688 995 748 1049 sice
768 1003 878 1050 rectore.
927 990 965 1063 V,
990 992 1047 1062 24,
1070 1012 1157 1065 neque
1184 996 1310 1050 abhorret

164 1123 242 1161 vero.
267 1135 308 1144 —
331 1099 364 1183 b)
387 1102 464 1162 Ann.
491 1096 529 1176 ΙΙ,
551 1103 608 1161 82:
634 1121 802 1176 mansuum
823 1121 909 1175 nequo
922 1103 1074 1174 insignibus
1094 1105 1244 1174 tepentium
1264 1105 1312 1158 ab·

164 1213 308 1267 'retinerent
353 1203 432 1269 Aen.
456 1209 512 1284 IV,
537 1212 595 1270 34:
627 1231 713 1284 nsque
743 1215 819 1269 haec.
865 1209 946 1270 Hiu.
980 1204 1039 1288 IV,
1064 1212 1117 1272 80:
1154 1215 1196 1269 ita
1227 1233 1312 1286 neque

166 1338 269 1377 auerso
290 1321 466 1392 imperatoris
488 1322 589 1378 anirro.
634 1317 712 1378 Ann.
735 1313 783 1392 III,
809 1320 864 1379 29:
885 1339 971 1393 nepita
992 1330 1057 1380 turn.
1104 1317 1220 1394 Insigni
1245 1319 1310 1378 bre·

166 1424 267 1482 vitate
288 1443 358 1502 pro:
386 1445 420 1482 ne
448 1436 504 1482 tum
533 1427 644 1499 quidem
666 1424 776 1500 legitur
809 1417 964 1497 AnnIII,
990 1426 1030 1482 12
1052 1422 1164 1482 nudum
1186 1445 1248 1497 nec,
1278 1425 1311 1484 in

166 1527 250 1586 hunc
273 1528 408 1587 modum:
430 1547 507 1588 nervo
529 1531 622 1586 Drsar'
642 1532 783 1602 lacrimae,
805 1549 883 1588 nemo
904 1532 1071 1588 maestitiam
1092 1550 1180 1587 meam
1200 1541 1310 1604 spectet,

166 1659 189 1694 n
201 1658 235 1696 ec
255 1641 282 1695 si
302 1659 359 1712 qua
380 1641 410 1695 in
431 1660 481 1698 nos
503 1644 624 1698 aduersa
639 1644 792 1713 finpuntnr.

257 1743 305 1802 De
328 1743 522 1803 adversativa
546 1763 602 1804 usu
625 1751 656 1802 et
678 1742 829 1822 quomodo
850 1750 920 1821 post
934 1743 1125 1819 negationem
1149 1751 1310 1822 usurpetur

167 1867 205 1905 ne
226 1882 267 1891 -
291 1852 402 1922 quidem
423 1867 514 1927 supra
537 1849 740 1927 exposuimus.
1093 1927 1095 1930 Ι
1193 1859 1196 1864 ’

243 1960 369 2017 Nedum
389 1957 468 2016 inter
491 1975 526 2016 ca
548 1956 695 2015 vocabula
719 1963 773 2029 est,
806 1973 882 2034 quae
904 1973 972 2012 raro
995 1972 1013 2011 a
1035 1952 1140 2012 Tacito
1165 1952 1310 2014 dicuntur.

164 2063 249 2122 Nam
272 2063 419 2124 tredecies
443 2072 558 2124 tantum
582 2064 703 2147 legitur,
727 2063 826 2123 decies
849 2065 878 2121 in
902 2061 1073 2133 annalibus,
1097 2069 1142 2120 ter
1164 2063 1196 2120 in
1219 2063 1310 2122 histo·

165 2170 232 2228 riis.
287 2169 389 2250 Atque
421 2179 454 2230 ut
477 2169 546 2232 inde
568 2191 586 2230 a
608 2171 694 2231 Livio
726 2172 845 2251 irrepsit
868 2169 1053 2231 consuetudo
1065 2165 1106 2250 ¹),
1142 2171 1186 2229 ita
1220 2172 1309 2230 etiam
1428 2165 1436 2178 '

165 2275 252 2355 apud
273 2277 417 2336 Nostrum
440 2279 588 2356 particula
615 2280 766 2338 invenitur
797 2278 878 2338 nulla
908 2277 1109 2357 praecedente
1140 2271 1310 2356 negatione,

167 2392 201 2442 ct
225 2385 374 2461 significat
396 2386 589 2446 fortissimam
612 2376 828 2464 gradationem.
883 2383 965 2448 Ana.
988 2382 1031 2464 ll,
1055 2387 1113 2444 42:
1150 2391 1218 2460 quia
1239 2391 1311 2462 rspi-

166 2499 219 2552 bus
249 2515 336 2569 aeque
364 2501 465 2554 nedum
493 2499 591 2566 infima
618 2501 732 2556 insolita
759 2509 829 2555 suut.
886 2495 980 2567 XIII,
1016 2495 1066 2554 15.
1091 2496 1141 2555 20.
1165 2497 1216 2554 38.
1239 2495 1309 2577 XV,

167 2599 221 2660 59.
246 2598 326 2659 Hist.
351 2594 399 2673 ΙΙΙ,
423 2603 481 2660 aa
532 2600 570 2660 In
592 2604 748 2662 sententiis
778 2579 927 2679 negativis
950 2610 1020 2678 post
1043 2603 1188 2674 nequidem
1210 2601 1308 2660 locum

165 2706 272 2767 habet:
296 2727 365 2768 aun.
388 2703 436 2782 III,
462 2710 518 2769 73:
550 2731 584 2768 ne
605 2714 746 2785 Spartaco
769 2715 881 2785 quidem
902 2715 1001 2766 datum
1021 2720 1052 2765 ut
1069 2719 1155 2782 pacto
1177 2713 1207 2766 in
1221 2714 1310 2782 fidem

168 2819 348 2890 acciperetur,
371 2821 607 2877 nedum—latro
626 2822 796 2890 Tacfarinas
804 2838 877 2893 pace
889 2829 914 2875 et
935 2819 1104 2876 concessione
1118 2837 1247 2890 apr-orma
1268 2838 1310 2876 re-

169 2927 325 2982 dimeretur.
348 2924 436 3006 XIV,
460 2926 511 2986 35.
556 2927 589 2985 Si
611 2927 732 3005 plenam
761 2928 942 2986 sententiam
966 2926 1111 2998 instituit,
1143 2927 1310 3004 conjuncti·

172 3050 242 3090 vum
263 3053 364 3092 secum
386 3033 485 3108 habet,
510 3043 543 3093 ut
565 3044 611 3095 est
633 3056 814 3114 cognoscere
835 3056 874 3096 ex
889 3035 1027 3113 exemplo
1048 3035 1137 3094 modo
1148 3035 1309 3113 adscripto,

168 3139 218 3197 cui
240 3140 348 3200 addas:
371 3142 451 3204 Ann.
475 3137 558 3218 XIV,
584 3139 793 3217 15.Hist.11,
818 3146 870 3204 38.
892 3138 943 3214 ΙΙΙ,
968 3143 1028 3216 66,
1064 3142 1118 3201 sed
1142 3143 1233 3202 etiam
1257 3141 1309 3201 ad-

167 3249 264 3308 verbii
286 3250 351 3308 vice
385 3250 522 3326 iungitur
554 3259 624 3311 ante
646 3251 828 3330 singularem
852 3253 1025 3323 notionem,
1063 3249 1094 3308 id
1118 3249 1198 3328 quod
1221 3249 1310 3324 longe

165 3357 286 3436 saepius
310 3359 390 3437 apud
414 3359 552 3432 Tacitum
573 3361 733 3420 invenitur.
777 3360 857 3418 Aua.
879 3354 916 3432 II,
939 3360 992 3418 42.
1015 3358 1076 3436 IV,
1102 3360 1150 3414 11.
1167 3347 1233 3429 XI,
1259 3359 1308 3417 27.

164 3460 251 3540 XIII,
277 3467 327 3526 15.
352 3469 403 3527 20.
429 3470 479 3528 38.
502 3463 585 3542 XIV,
610 3471 660 3530 35.
685 3469 755 3541 XV,
780 3469 829 3527 59.
852 3467 932 3526 Hist.
958 3466 994 3538 V,
1017 3467 1046 3524 5.
1072 3499 1109 3507 -—

510 3637 685 3751 curun
732 3674 1004 3750 sarcinum.

191 3818 248 3877 DE
271 3812 529 3879 ENUNTIA'PIS
552 3819 635 3877 PER
657 3811 916 3878 PARTIOULAS
939 3815 1268 3877 ADVERSATIVAS

608 3925 869 3988 OOMPOSITIS.

681 4071 797 4080 ----—·

257 4149 336 4210 Usus
360 4149 572 4228 particularum
596 4149 852 4210 adversatIvarum
875 4156 936 4208 tam
952 4150 1041 4208 arctis
1063 4147 1169 4208 finibus
1186 4148 1308 4207 circum·

170 4258 299 4336 scriptus
323 4265 377 4332 est,
401 4266 435 4317 ut
457 4258 521 4318 iere
544 4259 641 4318 minus
664 4260 694 4317 in
717 4278 781 4318 rem
804 4257 943 4316 videatur
968 4248 1049 4334 esse,
1082 4256 1106 4316 si
1129 4257 1309 4336 quaerimus,

246 4437 269 4503 1)
288 4436 343 4486 vae
361 4435 436 4486 naa.
454 4449 487 4498 gr.
505 4433 548 4486 ln.
566 4433 590 4502 t.
610 4433 659 4486 461
681 4436 733 4486 ann.
753 4435 776 4484 a.
