3196 5270
678 317 719 376 63

129 499 153 546 et
173 509 229 547 non
251 490 368 561 widone
387 491 529 560 perdiu
545 492 765 560 praedoque
786 491 863 546 ludu
882 489 1047 558 uictorr'bum
1070 487 1141 549 lue.
1165 490 1275 564 gaudio

128 591 273 650 victoriae
294 599 326 650 st
347 591 457 667 gaudio
479 588 623 669 praedae.
645 622 688 636 -
947 569 951 575 ¹

215 696 361 775 Adjungo
383 697 476 758 alium
497 717 585 757 nsum
604 705 635 757 et
656 706 827 772 cognatum.
883 695 917 754 Si
939 714 958 753 a
980 695 1088 755 'l'aoito
1110 696 1171 756 duo
1193 698 1276 757 ebla-

129 801 184 863 tivi
207 803 320 862 diversi
349 804 468 880 generis
494 810 714 862 connectuntur
734 801 831 862 —id
859 799 942 881 qnod
972 800 1052 861 bend
1086 821 1155 862 raro
1177 804 1212 863 tit
1234 837 1275 848 -—

127 917 191 972 tum
215 928 254 969 ea
274 909 463 970 intercedere
484 908 564 970 solet
584 909 680 986 ratio,
707 917 740 968 ut
770 909 848 968 alter
877 910 917 968 ud
944 909 1072 968 sitarum
1103 910 1275 990 explicandi

126 1017 228 1094 gratie
249 1025 419 1095 opponatur
440 1015 530 1075 simui
552 1035 588 1076 se
609 1017 763 1095 propriam
791 1017 853 1074 vim
881 1033 1005 1094 prorsus
1031 1017 1169 1078 mtincat.
1224 1018 1276 1078 Sic

124 1125 188 1201 jem
211 1141 304 1201 supra
320 1118 344 1201 ¹)
375 1121 592 1201 adscripsimus
623 1122 721 1181 locum
752 1139 791 1182 ex
819 1121 901 1183 Hier.
925 1122 974 1196 Π,
998 1125 1056 1182 22ε
1092 1129 1214 1185 molum
1232 1130 1274 1184 in·

126 1233 201 1303 ponti
216 1235 345 1304 pondere
366 1250 402 1288 ue
427 1234 543 1303 sucum
568 1233 748 1303 provolvunt,
775 1227 856 1309 quod
886 1237 945 1290 est:
977 1229 1113 1309 pondere
1146 1251 1182 1292 ac
1214 1233 1273 1292 frn-

126 1356 200 1414 gore
223 1337 275 1415 qni
296 1337 363 1415 ipso
384 1335 521 1416 pondere
542 1334 741 1408 efficiebatur,
763 1336 831 1409 rel,
852 1336 877 1396 si
899 1335 962 1409 vis,
985 1335 1107 1414 ingere
1121 1339 1274 1418 ponderis.

129 1445 187 1504 Est
208 1445 301 1522 igitur
318 1443 428 1504 talibus
451 1443 525 1506 iocis
554 1463 615 1504 non
639 1442 833 1522 cogitandum
864 1442 903 1503 ds
931 1444 1029 1520 figure
1057 1445 1273 1527 hendiadyoin,

127 1551 211 1631 quod
233 1551 346 1612 Rothic
377 1551 474 1612 visum
504 1560 561 1610 est.
610 1551 690 1610 Anu.
720 1551 761 1626 11,
789 1553 848 1610 61:
878 1555 969 1610 imur
995 1557 1127 1612 nouum
1160 1559 1276 1613 αὶυααο

123 1662 289 1733 munides
309 1662 457 1718 manens
478 1670 504 1718 et
524 1663 622 1733 opttus
641 1679 755 1732 sepum
782 1659 941 1738 compositi
970 1667 1040 1718 sunt
1061 1659 1189 1721 ablativi
1210 1681 1274 1720 mo·

129 1767 206 1827 dulia
227 1773 258 1826 st
280 1765 530 1843 instrumentalis3
558 1766 732 1847 pyramides
755 1773 926 1827 exstructae
948 1775 1018 1827 sunt
1038 1767 1146 1847 opibus
1169 1787 1274 1845 regum

130 1884 161 1934 et
193 1875 358 1934 conamine
386 1875 418 1933 in
447 1872 638 1933 ostentandis
670 1873 788 1953 opibus.
810 1907 853 1918 -
882 1873 958 1950 Agr.
981 1875 1035 1934 ta:
1069 1877 1135 1934 olim
1166 1879 1276 1949 rupibus

122 1986 281 2056 parebunt,
301 2002 375 2039 nunc
391 2001 447 2056 per·
463 1985 607 2056 principes
621 1985 796 2055 factionibus
816 1991 843 2040 ct
862 1985 965 2040 mediis
983 1986 1151 2055 trahentem
1177 1987 1274 2042 studio
1398 2011 1402 2018 ·

128 2096 198 2148 sunt
234 2106 313 2168 quae
342 2087 383 2148 ed
410 2089 566 2166 augendas
594 2087 894 2169 censebor-sudesque
923 2088 1071 2150 factiones
1099 2108 1119 2147 ι
1148 2089 1275 2166 singulis

127 2173 330 2274 suscipiuntur
350 2192 721 2277 (Parteibestrebungen);
751 2204 823 2275 apte
843 2194 961 2256 confert
982 2195 1109 2258 Wexina
1131 2196 1212 2256 Ann.
1233 2197 1274 2272 ll,

129 2305 970 2378 433dteuaoauemootooratraottein1>mum
999 2315 1048 2364 au
1076 2309 1273 2365 Gmmarueum

126 2413 234 2468 nadib.
281 2409 343 2470 Sed
364 2408 509 2471 tationes
532 2428 653 2491 qnoque
680 2408 855 2490 (Parteien)
887 2411 1024 2470 nationes
1054 2408 1273 2490 discerpebant,

130 2535 208 2595 qnae
230 2523 263 2574 et
284 2516 369 2594 ipsas
392 2516 462 2576 olim
486 2535 546 2576 uon
568 2515 720 2576 exstitisse
742 2514 895 2594 putandae
916 2523 996 2579 sunt.
1049 2515 1157 2594 Itsqne
1187 2516 1274 2575 intel·

129 2623 207 2698 lige:
229 2620 410 2684 factionibus
433 2633 465 2683 et
486 2623 594 2683 studiis
617 2623 791 2682 tactionum.
812 2653 855 2667 -
878 2622 959 2683 Hist.
974 2618 1071 2696 Ι,63;
1093 2628 1172 2697 uoto
1185 2636 1275 2684 terror·

130 2733 244 2790 cocu
273 2734 391 2804 imm,
423 2742 454 2790 o
485 2734 606 2790 nauus
633 2752 696 2790 mou
727 2734 834 2804 mu
863 2734 1009 2790 omem
1038 2735 1163 2792 uscue
1191 2753 1276 2792 oum

129 2841 406 2911 mapistrntibus
426 2849 460 2897 et
477 2842 652 2911 precibus
673 2848 853 2898 commerear.
908 2837 1102 2916 Magistratus
1132 2838 1274 2919 depreca-

129 2945 239 3005 buntur
261 2945 385 3007 exitium
406 2946 576 3018 imminens,
595 2946 649 3006 sed
672 2945 763 3005 etism
785 2945 945 3006 multitudo
969 2965 1067 3026 saque
1086 2955 1181 3007 strata
1193 2948 1276 3007 humi

131 3052 255 3114 vocibus
288 3052 416 3113 dissonis
445 3059 476 3112 et
506 3052 782 3114 lamentationibus.
835 3053 922 3112 Haec
950 3053 1079 3114 Rotbins
1111 3051 1196 3136 (pag.
1220 3055 1276 3136 52)

131 3162 296 3221 rectissime
319 3159 463 3240 expedit,
494 3180 555 3241 qno
584 3163 680 3237 magis
703 3162 796 3220 miror
824 3161 905 3240 quod
937 3161 975 3223 de
997 3163 1203 3243 hendiadyoin
1225 3163 1274 3223 hio

131 3287 191 3328 noo
214 3267 388 3345 desperavit
404 3262 439 3344 ²).

217 3377 327 3456 Neque
348 3375 475 3434 multum
497 3373 618 3434 diverse
647 3381 718 3434 sunt
751 3393 831 3454 quae
858 3374 1000 3452 leguntur
1032 3375 1112 3436 Hist.
1133 3374 1195 3448 ΙΙΙ,
1218 3371 1274 3440 bb:

132 3496 249 3542 osteum
279 3494 311 3542 ut
341 3487 456 3557 ortuque
489 3485 598 3541 Vitellio
620 3489 718 3556 fidus,
754 3486 797 3542 ita
825 3503 943 3556 paoem
979 3494 1014 3541 st
1044 3486 1276 3544 conditiones

131 3593 294 3650 umbem.
336 3591 473 3670 Respicit
494 3592 574 3650 enim
596 3592 724 3671 scriptor
751 3591 861 3670 prioris
893 3591 1000 3670 cepitis
1030 3587 1136 3650 verba:
1164 3592 1276 3652 crebris

131 3719 199 3758 enm
222 3697 345 3758 Vitellio
367 3697 554 3758 sermonibus
583 3698 622 3758 de
652 3717 727 3777 poce
754 3698 962 3778 ponendisque
992 3716 1047 3775 per
1075 3697 1275 3758 conditionem

131 3805 223 3869 armis
237 3805 361 3880 agitare.
404 3803 617 3880 Intelliguntur
637 3778 729 3881 igitur
748 3823 811 3883 pax
832 3812 863 3863 et
884 3803 1072 3888 conditiones
1093 3805 1186 3882 pacis.
1219 3805 1276 3865 vol

132 3912 213 3973 Hist.
236 3912 292 3986 IV,
308 3913 365 3972 6οτ
388 3915 511 3986 virecta
528 3924 668 3988 pertracto
689 3925 715 3972 ct
736 3917 838 3987 stirpes
857 3924 883 3972 et
904 3917 1059 3972 interemor
1080 3916 1156 3970 sanis
1177 3913 1277 3972 bertas

131 4025 260 4081 commea
280 4021 457 4079 mmmm-um
474 4024 683 4096 patientiaeque
704 4027 893 4080 decommum
913 4027 1013 4094 fitero,
1042 4019 1060 4080 i.
1084 4035 1110 4076 e.
1144 4019 1276 4078 miseriu-

132 4147 199 4186 rnm
221 4127 432 4187 documentum
454 4135 485 4186 ot
507 4129 672 4205 patientiae
694 4128 889 4187 miseriorum.
918 4162 959 4170 —

208 4282 238 4351 1)
255 4285 310 4348 Cap.
328 4287 347 4346 1,
365 4281 391 4350 §.
410 4282 434 4345 3,
454 4285 478 4334 4,

206 4371 238 4440 2)
254 4373 373 4423 Emestins
391 4374 560 4424 consuetudinis
575 4375 690 4425 Tacitinae
707 4376 775 4439 piane
792 4377 885 4439 ignarus
903 4379 971 4428 verbo
982 4381 1007 4428 st
1019 4374 1137 4445 precibus
1153 4389 1196 4438 pro
1214 4375 1278 4435 gios-

135 4473 220 4516 semate
239 4466 324 4516 babuit.
