3188 5252
849 331 910 392 134

326 503 465 582 gitsmus.
509 497 605 564 Aliter
629 501 767 564 Handius
791 502 831 580 (I,
854 501 943 584 nuel:
981 521 1037 581 per
1067 515 1116 562 aut
1140 509 1273 562 mutetur
1296 509 1327 563 et
1349 502 1472 564 tollitur

326 632 383 686 res,
406 631 485 694 quse
508 613 587 673 dicta
609 621 683 686 eret,
706 612 826 692 aliaque
847 613 1055 685 substituitur,
1093 631 1148 690 per
1169 617 1213 672 vel
1234 617 1366 672 mutatur
1388 613 1471 689 cogi-

327 721 401 779 tatio
424 729 456 780 et
478 719 560 780 aliud
583 719 775 780 substituitur
805 701 1009 798 cogitatione}
1042 721 1152 801 quibus
1182 719 1278 780 simile
1307 729 1354 780 est
1385 719 1475 800 quod

328 826 480 905 Reisiglus
503 826 626 905 exponit
650 825 742 887 schol.
764 826 814 890 lat.
838 828 899 886 441
926 847 1007 910 seqq.
1068 825 1154 900 Quae
1181 825 1351 906 explicandi
1381 828 1473 900 ratio,

327 934 398 995 licet
421 936 522 994 multis
547 935 618 994 locis
642 933 776 996 adbiberi
808 938 922 1015 possit,
959 944 1060 996 tamen
1092 937 1123 995 in
1158 945 1273 996 rectum
1306 956 1341 996 nc
1363 955 1474 996 verum

327 1044 399 1104 mihi
422 1043 593 1105 incumbere
614 1064 674 1103 non
698 1043 828 1104 videtur.
871 1043 950 1102 Nam
974 1046 1026 1104 vix
1047 1053 1092 1104 set
1115 1044 1294 1117 verisimile,
1328 1045 1405 1105 duos
1429 1044 1474 1104 di·

328 1152 414 1212 cendi
437 1172 509 1212 usus
531 1152 650 1212 differre
672 1173 720 1226 re,
756 1171 834 1232 quae
862 1171 969 1230 reapse
999 1171 1037 1212 ns
1073 1161 1170 1210 exstet
1193 1152 1312 1232 quidem
1347 1153 1473 1230 (etenim

327 1279 376 1322 res
399 1269 432 1320 ut
453 1281 508 1341 per
530 1281 564 1322 se
585 1264 670 1340 ipsae
691 1271 761 1322 sunt
783 1281 802 1320 a
824 1262 910 1321 nobis
934 1281 1031 1342 neque
1054 1263 1240 1341 aspiciuntur
1267 1281 1367 1341 neque
1391 1263 1472 1340 cogi-

328 1372 460 1448 tantur),
482 1390 561 1451 quae
583 1379 663 1430 certe
684 1371 847 1430 innumeris
871 1370 943 1430 locis
966 1369 1124 1430 obliterata
1155 1370 1195 1429 sit
1224 1369 1352 1429 necdum
1375 1371 1474 1449 possit

328 1477 459 1554 agnosci.

416 1586 555 1666 Apparet
577 1595 676 1646 autem
698 1589 759 1646 vim
783 1585 994 1664 disjunctivam
1025 1585 1191 1668 particulae
1213 1592 1257 1646 eet
1284 1605 1350 1647 esse
1375 1588 1474 1648 multo

328 1695 489 1772 leviorem3
513 1693 593 1754 unde
615 1693 727 1753 iactum
749 1703 796 1754 est
817 1703 851 1754 ut
874 1695 1047 1774 saepissime
1077 1693 1114 1754 ab
1147 1707 1196 1754 aas
1218 1697 1285 1773 [non
1309 1696 1474 1776 discrepet,

329 1804 387 1864 nisi
410 1803 490 1884 qnod
512 1803 587 1862 illud
612 1804 718 1863 lortius
741 1811 795 1864 est.
840 1803 886 1862 Ee
909 1823 980 1864 vero
1004 1805 1099 1863 levior
1122 1801 1312 1883 disjungendi
1342 1807 1389 1864 vis
1413 1806 1475 1865 for·

329 1925 410 1972 tasse
434 1931 472 1971 ex
495 1913 608 1973 caussis
631 1911 695 1985 init,
729 1932 781 1971 our
804 1919 864 1971 tam
888 1930 955 1970 raro
978 1923 1047 1989 post
1071 1913 1262 1989 negationem
1293 1921 1472 1992 poneretur,

329 2021 359 2082 id
382 2020 463 2102 qnod
480 2021 543 2099 jam
568 2020 696 2081 Wolfiue
719 2020 758 2080 ad
780 2015 856 2082 Anu.
881 2021 905 2092 I,
931 2023 970 2078 32
993 2021 1074 2098 jecit,
1097 2020 1284 2081 confirmavit
1305 2023 1477 2083 Lachman-

331 2149 387 2190 nus
410 2130 430 2190 1.
453 2150 478 2192 c.
538 2130 584 2189 Ac
606 2149 639 2189 re
663 2149 735 2188 vera
758 2128 839 2208 apud
867 2129 904 2188 Τ.
928 2148 1049 2209 quoque
1071 2149 1168 2208 peuce
1190 2139 1306 2190 tentum
1330 2135 1476 2212 exempla

330 2241 475 2299 invenies.
520 2234 598 2298 Anu.
621 2237 676 2310 VI,
701 2239 758 2298 28:
788 2260 874 2314 neque
901 2241 980 2297 mala
1000 2242 1043 2297 cel
1074 2242 1147 2297 bona
1168 2259 1240 2313 quoe
1268 2245 1365 2314 cnlpae
1382 2255 1476 2316 petet.

331 2346 404 2428 XII,
427 2346 484 2407 57:
522 2351 613 2422 operis
644 2351 722 2406 naeu
749 2350 819 2406 sctis
845 2349 971 2422 depressi
1002 2352 1043 2404 nd
1069 2351 1148 2404 lacus
1176 2349 1235 2404 nnc
1262 2351 1305 2406 cel
1333 2349 1475 2426 mental).

331 2453 411 2515 Hist.
436 2448 456 2527 I,
480 2454 538 2513 83:
561 2459 692 2514 tcnnnltns
709 2458 833 2530 pronimc‘
853 2459 962 2514 initium
983 2477 1038 2514 non
1060 2458 1214 2530 cupiditate
1235 2459 1278 2512 cel
1300 2458 1374 2531 odcb,
1398 2477 1473 2530 qnae

330 2567 429 2623 nncitos
450 2567 581 2624 suentes
599 2568 629 2622 in
652 2568 824 2625 discordiam
847 2586 923 2640 spere
928 2611 937 2640 ,
961 2586 995 2623 ac
1016 2586 1050 2622 na
1071 2568 1267 2623 detrectatione
1288 2569 1400 2639 quidem
1424 2579 1475 2626 aet

328 2676 480 2744 formidine
506 2674 701 2747 periculorum.
759 2669 901 2752 Sequitur
931 2671 1106 2751 plerumque
1137 2671 1174 2730 Τ.
1197 2689 1265 2730 eum
1295 2691 1408 2731 morem
1441 2681 1476 2730 ut

331 2781 463 2840 varietur
487 2779 564 2839 inter
586 2792 635 2839 arn
657 2800 692 2840 ne
712 2784 771 2855 cel,
810 2781 925 2839 sivein
954 2780 1111 2840 sententiis
1145 2799 1222 2859 quas
1251 2779 1473 2859 quodammodo

330 2883 387 2945 sibi
410 2883 601 2964 respondent,
626 2885 689 2944 sive
711 2885 753 2944 ite
776 2893 807 2944 ut
830 2885 1016 2945 enuntiatum
1045 2904 1101 2963 per
1129 2897 1177 2944 cet
1199 2881 1348 2944 adnexum
1374 2885 1475 2946 denuo

333 2991 482 3052 dividatur
502 2993 531 3052 in
569 2992 643 3052 duas
672 2999 790 3071 partes,
826 2992 864 3052 nd
895 3011 970 3073 quas
1002 2992 1219 3070 disjungendus
1252 2990 1400 3054 infirmior
1428 2996 1474 3054 vis

331 3102 496 3182 particulae
518 3106 562 3161 cel
584 3103 740 3180 aptissima
763 3109 818 3160 est.
863 3100 942 3162 Hist.
959 3101 996 3174 11,
1021 3103 1081 3160 96:
1103 3123 1158 3160 non
1181 3107 1314 3161 adesum
1338 3108 1401 3162 dni
1415 3109 1474 3164 An-

330 3214 404 3287 pesti
424 3215 588 3270 werrimmn
609 3223 731 3284 mentem,
754 3232 803 3270 nec
824 3215 959 3269 adenem
980 3214 1167 3268 centesimam
1179 3214 1284 3269 diberit
1303 3225 1472 3288 cesenatem,

331 3341 366 3378 ne
396 3331 492 3378 contra
514 3323 579 3393 Caii
607 3324 718 3394 quidem
747 3331 796 3378 cut
831 3321 946 3378 Claudii
974 3323 1017 3377 cel
1050 3322 1170 3378 Neronis
1203 3325 1355 3390 wdetuna
1395 3326 1476 3398 coepe

331 3431 450 3503 imperio
471 3433 582 3486 domm
603 3421 812 3506 emmpimerll.
856 3425 937 3486 Loco
969 3445 1057 3506 quem
1089 3425 1179 3485 modo
1212 3427 1313 3503 tetigi,
1348 3424 1426 3488 Anu.
1450 3427 1474 3502 I,

334 3537 374 3596 32
397 3535 478 3596 Med.
503 3535 576 3596 haec
599 3533 704 3595 hebet:
728 3538 760 3592 id
781 3539 915 3595 militares
937 3539 1043 3595 ennrws
1056 3540 1141 3594 altius
1156 3541 1369 3610 conjectantibus
1388 3560 1472 3613 prcc-

332 3651 445 3724 cipetum
467 3648 601 3704 indicium
622 3647 717 3720 ncupni
736 3656 818 3719 atque
840 3649 1028 3721 inplacabilis
1052 3658 1147 3721 motus,
1172 3652 1247 3722 qnod
1255 3668 1341 3722 neque
1364 3652 1478 3720 disjecti

332 3758 373 3814 nil
390 3774 545 3830 pancorum
566 3757 703 3828 instinctu,
724 3765 764 3813 set
781 3757 893 3828 perite·
916 3760 1097 3829 mdescerent,
1119 3759 1229 3829 puriter
1243 3759 1368 3829 'miscent
1392 3769 1474 3814 tantu

332 3868 502 3940 esqualitate
523 3873 547 3923 et
569 3867 724 3922 constantin
744 3874 774 3922 ut
795 3867 855 3937 repe·
876 3869 1006 3923 necteres.
1066 3862 1191 3924 Grotius
1219 3866 1346 3923 mutavit
1374 3870 1416 3924 nil
1444 3866 1474 3924 in

332 3995 380 4034 nec
402 3971 483 4054 quod
506 3971 640 4032 nonnulli
669 3979 848 4051 receperunt
879 3970 1026 4049 editores,
1063 3972 1226 4032 Rhenanus
1250 3973 1281 4030 in
1302 3977 1359 4049 cet,
1393 3972 1474 4053 quod

332 4081 478 4161 probatur
508 4079 630 4140 Hendio
660 4079 721 4160 IV,
747 4075 821 4154 140,
857 4080 949 4140 Nolle
979 4081 1009 4140 in
1039 4092 1106 4166 cet,
1139 4081 1314 4140 Waltherus
1337 4080 1475 4142 defendit

333 4187 442 4248 codicis
467 4189 638 4261 lectionem,
661 4187 764 4247 Heess
788 4189 909 4248 seclusit
931 4209 1017 4263 neque
1038 4193 1155 4262 disiecti.
1208 4185 1306 4269 Atque
1329 4191 1471 4270 primum:

340 4333 623 4344 -η-...η--ι--α

407 4397 434 4466 1)
453 4398 485 4448 lle
505 4399 548 4448 boc
567 4397 616 4447 leco
635 4397 663 4447 sb
681 4395 842 4447 recentissimis
861 4395 984 4446 editoribus
1002 4401 1110 4460 temptato
1129 4396 1195 4447 altius
1214 4397 1326 4448 disseram
1345 4399 1389 4450 snb
1408 4399 1456 4452 cel.

408 4487 438 4561 2)
457 4492 475 4542 E
493 4493 567 4556 pectis
586 4491 686 4558 exempla
705 4491 791 4555 aliquot
809 4490 883 4541 attulit
903 4490 1061 4541 Lechmsnnns
1080 4489 1095 4540 l.
1114 4506 1134 4542 c.
