3188 5252
749 321 897 388 Ὶ90

302 513 337 553 ae
359 495 385 552 si
407 500 507 553 tamen
539 491 654 572 aliquid
676 495 799 571 insuper
827 490 954 562 additur,
988 489 1018 549 id
1048 487 1138 567 plane
1169 505 1248 546 nava
1270 494 1302 546 et
1322 485 1446 567 propria

303 600 453 661 sententia
475 599 540 659 fieri
563 617 686 660 neeesse
709 609 765 658 est.
810 598 898 673 Quod
927 618 1018 678 quum
1042 597 1080 657 de
1102 598 1138 656 iis
1152 595 1235 656 io'eis
1258 594 1309 654 uhi
1331 593 1445 672 duplex

302 721 328 766 et
350 708 519 768 invenimus
541 707 653 780 valeat,
682 713 746 767 tum
769 708 899 767 maxime
921 706 1004 766 valet
1032 705 1056 764 si
1080 713 1127 765 ter
1158 705 1206 764 vai
1230 711 1336 783 quater
1359 720 1445 779 rspe-

302 815 390 872 titum
414 823 470 874 est.
514 811 604 874 Unde
634 813 723 874 iaeiie
744 813 878 890 colligas,
909 812 939 872 id
963 831 1031 873 asse
1061 813 1206 891 imprimis
1228 810 1374 870 sermonis
1397 827 1446 867 ae-

301 929 408 981 eurate
429 923 580 1002 perpensi,
618 921 739 994 exculti,
767 919 916 998 elegantis
943 927 1036 1002 atque
1065 919 1223 980 numerosi.
1269 917 1331 978 Sed
1354 915 1447 976 habet

303 1027 427 1107 aliquid,
461 1026 543 1108 qued
566 1047 585 1088 a
605 1027 707 1088 'Paeiti
739 1029 861 1104 iugenio
884 1025 1035 1088 abherret.
1081 1025 1160 1086 Nam
1183 1026 1209 1084 is
1231 1032 1328 1084 artem
1359 1041 1446 1082 suam

302 1135 467 1214 praecipue
496 1136 526 1208 in
549 1155 586 1196 eo
608 1136 704 1215 pouit,
737 1135 861 1214 utplus
885 1135 978 1196 lateat
1000 1136 1031 1194 in
1054 1134 1163 1206 verbis,
1193 1153 1283 1212 quam
1312 1132 1380 1210 ipsa
1402 1132 1446 1189 in·

303 1241 403 1302 dieare
439 1254 530 1324 atque
568 1239 712 1304 exhibere
741 1242 893 1304 videntur.
942 1243 1048 1323 ltaque
1081 1243 1107 1302 si
1143 1241 1247 1320 piures
1279 1239 1445 1300 sententias

301 1350 352 1409 vei
373 1351 513 1412 notiones
541 1371 581 1412 ex
603 1370 702 1432 aequa
724 1353 820 1432 aenipi
842 1352 917 1426 vuit,
949 1351 1045 1431 magis
1075 1370 1114 1410 ex
1136 1348 1238 1410 induis
1266 1367 1322 1408 sna
1344 1344 1447 1406 estid

302 1456 421 1518 indieiis
449 1461 583 1520 externis
605 1479 664 1520 non
688 1461 913 1540 praenunciare,
943 1458 996 1522 sed
1026 1458 1163 1534 relegare
1185 1457 1290 1517 lentari
1320 1472 1446 1535 operam

301 1564 489 1644 intelligendi
521 1575 612 1646 atque
634 1564 845 1664 pernoscendi.
889 1565 953 1626 aar
976 1565 1121 1626 habemus
1143 1583 1290 1644 caussam,
1317 1582 1369 1623 eur
1392 1563 1466 1623 ad·

301 1669 425 1730 medum
453 1687 522 1731 raro
544 1671 625 1753 apud
657 1691 725 1733 eum
749 1673 936 1733 inveniamus
969 1673 1134 1734 sententias
1158 1672 1206 1731 vel
1229 1671 1367 1730 nonanes
1389 1689 1445 1750 per

217 1824 221 1840 .
301 1789 328 1836 et
350 1809 392 1822 -
415 1790 440 1837 at
462 1787 658 1860 exaequatae.
702 1780 781 1840 Sunt
809 1782 888 1840 euim
917 1776 974 1839 1οοὶ
1006 1775 1045 1837 ad
1065 1775 1267 1858 quadraginta
1287 1784 1405 1854 septem
1414 1774 1445 1856 ¹),

303 1902 430 1963 querum
455 1903 494 1944 ex
516 1885 665 1963 Agrianis
687 1896 718 1947 at
741 1884 906 1946 Germania
928 1882 1107 1963 quindeeim
1136 1903 1175 1944 ex
1199 1883 1341 1942 Historiis
1363 1881 1445 1942 unde

301 1990 409 2070 viginti
432 1990 480 2053 vei
503 1993 621 2070 viginti,
652 2012 691 2053 ex
715 1991 885 2053 Annalibus
916 1989 1076 2053 duodecim
1112 1992 1248 2070 exeerpti
1270 1999 1348 2049 suut.
1371 1989 1444 2048 Plu-

302 2095 370 2154 rimi
392 2097 436 2156 ita
457 2116 492 2159 sa
512 2097 634 2170 habent,
665 2105 700 2158 nt
728 2095 879 2174 longiores
902 2097 1070 2158 sententiae
1100 2117 1140 2160 ex
1162 2115 1260 2178 aeque
1281 2105 1446 2176 pennatum

303 2201 490 2278 singularum
515 2203 676 2264 verborum
705 2202 917 2264 commissuras
949 2204 979 2264 in
1009 2201 1113 2265 Germ.
1142 2212 1173 2265 et
1194 2204 1269 2280 Agr.
1292 2213 1398 2282 quater
1407 2199 1445 2282 ²),

303 2307 334 2364 in
356 2307 474 2367 Hister.
485 2309 656 2392 quinquies,
678 2311 710 2370 iu
729 2308 839 2371 Annal.
856 2310 957 2371 sexies
969 2307 1137 2371 observavi.
1182 2311 1279 2370 Porro
1301 2311 1332 2368 in
1340 2308 1444 2368 Anna-

303 2410 391 2487 libus,
415 2415 552 2494 exeeptis
576 2415 648 2475 iocis
672 2415 724 2490 Vl,
748 2417 800 2476 28.
835 2415 906 2490 XII,
931 2418 982 2477 30.
1017 2415 1088 2490 XV,
1112 2417 1164 2479 39.
1189 2417 1251 2489 63,
1271 2433 1392 2494 semper
1414 2415 1444 2474 iu

302 2519 488 2581 erationibus
512 2531 612 2582 exstat
633 2533 659 2583 et
682 2557 723 2568 -
746 2537 781 2591 a,
808 2525 921 2603 quippe
943 2541 1022 2603 quae
1043 2520 1126 2582 aliud
1149 2521 1325 2583 elocutionis
1348 2537 1445 2596 genus

302 2626 483 2703 praeierant.
527 2629 576 2689 Ex
606 2651 666 2711 quo
696 2641 860 2711 conspectu
880 2629 1135 2709 patenfl'aeitum
1167 2629 1263 2704 magia
1287 2627 1445 2706 magisque
1479 2696 1482 2701 ¹

302 2733 404 2791 stilum
427 2752 514 2794 suum
536 2739 692 2816 proprium
711 2748 742 2798 et
763 2757 901 2817 pressum
923 2736 1100 2797 excoluisse.

386 2839 430 2898 At
467 2840 585 2902 duobus
626 2844 699 2902 locis
732 2843 857 2902 suborta
888 2842 962 2904 mihi
993 2849 1040 2902 est
1073 2841 1214 2922 suspicio,
1260 2840 1445 2917 conjungere

302 2946 386 3023 prius
408 2959 435 3006 at
455 2947 546 3007 simul
568 2950 853 3010 tetamseuteutiam
875 2967 944 3010 eum
964 2948 1001 3010 iis
1024 2965 1102 3028 quae
1124 2947 1318 3027 praecedant.
1345 2944 1445 3021 Quam

301 3059 336 3108 ut
358 3069 468 3112 vanam
490 3055 592 3114 statim
615 3055 817 3126 damnassem,
849 3056 908 3116 uisi
938 3054 1139 3128 simiiisrusus
1161 3053 1376 3131 particularum
1398 3073 1445 3111 aa·

301 3178 354 3232 aaa
376 3189 418 3203 -
439 3180 527 3236 nemra
548 3171 630 3224 certo
659 3161 782 3243 probari
804 3156 954 3244 possed),
985 3159 1097 3220 deinde
1123 3178 1196 3220 vero
1219 3157 1288 3218 telis
1311 3157 1444 3218 brevitas

302 3265 341 3324 ad
365 3265 518 3343 ingenium
542 3269 715 3328 Tacitinum
747 3269 823 3330 beua
855 3267 1027 3349 quadraret.
1071 3266 1146 3326 Laui
1168 3271 1252 3324 suut:
1284 3263 1358 3338 Agr.
1387 3265 1442 3322 35:

212 3452 235 3473 ἢ
300 3384 326 3430 et
349 3377 504 3447 alloquente
526 3381 620 3435 aaran
646 3380 780 3450 Agricola
801 3378 919 3436 militam
941 3381 1030 3435 ardor
1050 3377 1193 3446 eminebat,
1225 3383 1251 3430 et
1266 3378 1354 3444 finem
1374 3391 1438 3431 ara-

377 3539 406 3608 t)
423 3543 477 3606 Agr.
497 3544 520 3593 5.
540 3544 564 3594 6.
583 3543 608 3596 9.
629 3543 669 3596 18.
689 3544 732 3594 36.
751 3543 795 3594 32.
812 3543 856 3595 33.
875 3544 917 3595 35.
938 3544 980 3594 36.
1000 3544 1044 3596 42.
1062 3543 1096 3596 43
1107 3543 1175 3612 (bis)
1195 3545 1238 3596 44.
1257 3545 1444 3596 (1515121125.

302 3635 360 3686 iiiut.
383 3635 402 3695 Ι,
425 3635 465 3687 15.
489 3636 532 3687 22.
551 3636 594 3687 37.
618 3637 662 3688 52.
686 3636 728 3687 58.
762 3637 802 3687 79.
831 3637 874 3688 81.
903 3637 945 3688 85.
983 3639 1012 3700 u,
1036 3642 1061 3690 8.
1079 3637 1122 3690 33.
1147 3638 1190 3690 43.
1215 3638 1256 3689 76.
1282 3638 1324 3689 80.
1360 3639 1400 3701 111,
1420 3641 1446 3692 6.

300 3725 361 3796 (alia
380 3727 482 3792 ejusdem
501 3730 582 3793 eapitis
601 3731 651 3781 loeo
670 3745 725 3780 num
744 3729 914 3792 aguaseendum
932 3732 963 3782 sit
981 3740 1005 3782 et
1023 3740 1083 3783 —et
1104 3739 1202 3795 prepter
1221 3731 1390 3797 eorruptianem
1409 3733 1445 3783 iu-

303 3818 412 3887 eartum).
434 3822 474 3873 10.
494 3821 537 3872 36.
556 3822 599 3872 62.
619 3823 663 3875 78.
683 3822 725 3874 83.
751 3824 809 3874 Anu.
827 3824 845 3885 1,
867 3824 908 3874 58.
934 3825 974 3886 111,
993 3823 1017 3874 6.
1037 3824 1078 3875 54.
1103 3825 1139 3884 111,
1159 3823 1201 3876 34.
1224 3824 1265 3874 37.
1285 3825 1328 3876 38.
1342 3825 1380 3885 v1,
1404 3827 1445 3877 14.

304 3915 347 3965 28.
379 3917 429 3978 xil,
446 3915 490 3967 30.
515 3915 572 3978 xit,
592 3917 634 3967 54.
654 3917 695 3968 56.
721 3917 768 3978 ut,
787 3916 830 3968 39.
849 3917 892 3968 63.

374 4005 404 4070 2)
422 4006 481 4056 Nam
493 4005 570 4057 Germ.
587 4006 631 4057 11:
652 4007 697 4058 aad
714 4016 738 4058 et
755 4007 820 4058 altar
838 4016 861 4058 et
878 4010 966 4059 tertias
984 4008 1037 4059 diss
1055 4008 1216 4059 mactatione
1233 4007 1376 4058 coeundam
1394 4009 1444 4059 ab·

300 4094 416 4154 sumitur,
435 4104 459 4146 at
476 4096 534 4146 vaiet
552 4071 637 4156 eiiam,
662 4096 702 4162 qui
720 4110 749 4146 ue
768 4113 811 4146 uas
834 4096 910 4147 eiudat
935 4111 991 4147 nens
1016 4096 1140 4147 carendum
1163 4104 1198 4146 est
1224 4097 1292 4147 etiam
1316 4097 1371 4162 Cap.
1391 4097 1443 4149 222

301 4186 347 4237 aad
369 4195 392 4236 at
415 4187 445 4238 de
470 4188 667 4240 reconciliandis
691 4190 800 4242 isaiam
817 4191 929 4242 inimiair
954 4200 977 4242 at
998 4191 1133 4259 iungendis
1157 4191 1329 4256 affinitatiim
1351 4199 1376 4242 at
1399 4208 1446 4242 aa·

303 4281 428 4331 aiseeadir
447 4282 608 4350 principibus
633 4290 676 4332 cet.
702 4292 768 4350 atque
786 4285 845 4334 dun.
865 4284 903 4347 111,
928 4283 977 4335 24:
1004 4284 1049 4336 aad
1065 4292 1089 4336 st
1109 4283 1194 4336 Tasris
1218 4284 1315 4336 atridas
1333 4284 1449 4336 dedisses

303 4381 326 4422 ut
343 4373 497 4424 Samnitium
509 4377 576 4441 jana
594 4375 722 4428 rediimus.

378 4461 408 4535 3)
422 4467 456 4518 ei.
476 4467 530 4531 cap.
548 4469 585 4518 Vi.
