3196 5270
846 347 886 406 nt

298 519 407 581 otarius
428 527 600 596 comparet,
636 518 680 576 ita
709 524 742 576 ut
776 516 840 577 dixi
872 515 966 578 verbu
988 515 1041 576 iliu
1067 514 1241 595 accipienda
1263 531 1330 575 esse
1345 509 1379 587 ¹).
1403 545 1445 557 —-

298 625 378 686 Hist.
401 624 464 704 111,
486 626 543 684 48:
576 644 610 682 aa
627 627 722 698 primo
748 643 797 682 roa
828 627 934 682 minis
957 628 1143 698 armisque
1175 625 1328 697 supplicem
1359 623 1445 691 tucri5

294 746 443 808 postquam
472 712 576 792 maon
603 736 774 806 proditionis
803 743 851 790 aut
884 737 984 791 betium
1017 735 1209 790 numatam
1241 759 1284 775 -
1307 734 1447 802 ρει-Μαι

296 845 425 901 tradidit.
472 839 551 900 Sunt
573 839 673 900 minae
693 838 854 900 verborum
878 847 909 899 et
931 840 1030 899 minae
1052 857 1212 898 armorum.
1236 869 1279 884 -

383 947 465 1008 Htst.
499 946 556 1018 lv,
591 947 646 1006 68:
690 949 780 1004 Varus
812 950 1001 1020 praetorianis
1030 949 1209 1019 praepositas
1242 947 1309 1002 rim
1344 955 1445 1017 atquc

297 1074 394 1112 arma
415 1055 555 1112 satiabat.
601 1049 677 1130 (Iup.
700 1053 741 1111 39
765 1051 910 1127 legimus,
934 1051 1067 1111 Primum
1090 1051 1255 1111 Antonium
1269 1049 1446 1128 Vtrumque

185 1207 209 1230 .,
298 1159 420 1220 Arrium
442 1165 578 1218 recentes
600 1157 757 1236 clarosque
781 1177 878 1218 rerum
901 1153 983 1216 fama
1011 1177 1046 1216 ae
1069 1157 1197 1217 militnm
1224 1154 1331 1216 studiis
1352 1158 1445 1216 etiam

297 1265 442 1344 populum
477 1263 601 1323 fovisse.
656 1263 749 1336 Primi
786 1264 911 1323 Antonii
946 1264 1082 1342 potentia
1110 1263 1290 1322 aMuciuuo
1317 1261 1446 1322 intractu

297 1369 374 1432 er'at.
418 1373 516 1434 Varus
538 1369 687 1430 retinebat
709 1369 807 1430 adhuc
829 1373 905 1445 va,
938 1389 1017 1450 qnae
1047 1371 1146 1450 posita
1175 1378 1242 1430 erat
1262 1371 1292 1430 iu
1314 1370 1444 1430 militum

298 1479 460 1560 populique
482 1478 588 1538 iuvere
611 1479 693 1537 etin
716 1479 825 1566 cumin,
849 1497 940 1558 quum
963 1486 1043 1537 esset
1066 1477 1263 1557 praetorianis
1290 1478 1445 1556 praeposi-

296 1595 354 1647 tus.
379 1617 417 1632 -·
442 1586 523 1644 Hinc.
548 1586 586 1666 V,
611 1591 645 1644 1:
673 1588 842 1644 comitate
870 1596 905 1644 et
931 1588 1114 1659 alioquiis
1143 1588 1241 1659 officia
1269 1604 1446 1660 provocans.-

297 1692 391 1754 duroh
417 1691 619 1752 irenudIiches
643 1692 757 1752 Wesen
780 1689 840 1751 und
863 1691 1051 1753 irenndliche
1073 1691 1259 1772 Ansprache.
1291 1725 1325 1738 —-
1363 1691 1445 1751 Anu.

295 1801 319 1872 1,
339 1802 396 1862 70:
417 1819 473 1859 noa
493 1820 545 1858 roo
565 1810 591 1858 ot
610 1801 699 1856 mutui
719 1801 844 1858 tortam
863 1802 1000 1872 innatant
1022 1804 1190 1858 &carana
1211 1804 1297 1858 anda.
1334 1795 1368 1857 Si
1382 1805 1443 1856 eta·

296 1913 447 1966 tueremus
469 1904 685 1984 hendiadonn,
707 1902 789 1984 quod
811 1911 931 1980 vocent,
953 1903 1131 1966 vocabulum
1159 1927 1211 1965 ooo
1237 1911 1319 1966 esset
1340 1904 1444 1965 absur-

297 2015 368 2074 dum
392 2011 640 2084 additamentum,
662 2012 719 2072 nisi
744 2012 822 2073 torte
843 2020 913 2072 snut
934 2014 986 2093 qui
1010 2011 1139 2086 ducant,
1167 2013 1304 2075 hortatus
1326 2022 1358 2072 et
1382 2012 1443 2072 atio

296 2119 387 2184 modo
413 2119 477 2180 fieri
500 2120 635 2198 potuisse
657 2137 693 2178 ac
716 2139 799 2179 voce.
857 2120 923 2182 Nos
944 2138 963 2179 a
984 2139 1057 2180 vero
1089 2140 1147 2182 non
1181 2120 1322 2181 aberrare
1355 2120 1442 2181 uobis

295 2224 449 2307 videmur,
471 2227 497 2285 si
517 2224 742 2298 contendimus,
773 2245 865 2286 aaran
895 2227 1064 2306 oppositam
1087 2246 1155 2288 csso
1177 2227 1324 2288 vocabulo
1346 2231 1442 2302 motai,

295 2351 331 2392 ac
362 2332 532 2410 significare
563 2330 790 2392 adhortationes
826 2332 926 2408 ducis,
957 2316 1165 2397 centurionum
1203 2345 1251 2396 cet
1269 2331 1305 2410 1).
1360 2335 1441 2395 Nam

296 2441 342 2500 vIs
365 2438 504 2501 vocabuli
525 2445 651 2500 hortatus
672 2441 701 2501 iu
724 2439 903 2502 vocabulum
925 2461 978 2502 ooo
998 2443 1157 2507 transfluit.
1214 2443 1357 2520 Ceterum
1384 2442 1442 2504 hoc

297 2545 364 2606 loco
386 2545 524 2607 inversus
540 2555 586 2606 est
603 2545 697 2620 ordo,
721 2549 764 2606 ita
781 2555 814 2608 ut
834 2548 984 2627 posterior
1006 2549 1089 2608 notio
1110 2549 1278 2626 generalior
1299 2551 1337 2610 sit
1355 2544 1439 2634 ⁸).—

297 2653 378 2713 Anu.
401 2653 457 2725 vl,
481 2656 537 2713 ὅδε
572 2674 673 2712 raama
694 2659 735 2712 aet
755 2665 871 2716 matrem
898 2659 1086 2729 referebatur,
1119 2677 1192 2730 qaas
1214 2661 1327 2731 pridem
1359 2677 1441 2730 rapu·

295 2763 377 2817 diota
399 2763 724 2818 adsentationibus
754 2769 856 2834 atque
886 2765 975 2820 turra
1002 2765 1172 2838 pepulisset
1185 2767 1316 2836 janonem
1335 2769 1376 2821 ad
1397 2783 1439 2836 ea,

294 2887 409 2939 quoruou
429 2870 558 2940 offaaism
578 2887 634 2926 aon
655 2870 711 2926 oiri
730 2878 817 2927 morto
837 2861 979 2928 intendat
1026 2868 1176 2930 Narratur
1197 2869 1346 2949 quomodo
1369 2870 1439 2929 effe-

296 2974 369 3032 uerit
390 2982 496 3047 mater,
524 2982 558 3033 ut
580 2975 725 3051 juvenem
755 2977 791 3034 ad
818 2976 963 3036 incestum
993 2984 1212 3055 corrumperet:
1247 2976 1375 3055 primum
1398 2978 1442 3038 ita

295 3090 328 3141 ut
350 3081 461 3140 sineret
485 3099 553 3140 eum
575 3079 714 3141 luxuriae
736 3099 770 3142 sc
792 3081 905 3142 dedere
926 3090 1017 3162 atque
1038 3080 1257 3158 adsentantur,
1279 3084 1389 3145 deiude
1405 3094 1439 3144 nt

294 3193 360 3269 ipsa
382 3189 528 3249 incitaret.
546 3221 583 3232 -
609 3193 688 3248 Anu.
703 3189 795 3263 XIII,
810 3192 869 3249 tn:
891 3195 1026 3251 Itomae
1046 3202 1264 3252 testamenta
1286 3204 1318 3253 ot
1339 3199 1440 3254 ortos

292 3302 366 3358 oeta
386 3301 520 3372 indeptae
541 3300 601 3371 sias
621 3302 705 3372 capi5
737 3317 796 3358 nou
826 3298 921 3359 solum
949 3297 1088 3360 orborum
1119 3307 1300 3360 testamenta
1321 3303 1439 3383 (quam-

293 3424 383 3485 quam
398 3406 543 3484 imprimis
558 3403 658 3484 hace),
681 3404 735 3466 sed
750 3405 875 3465 eliorum
895 3424 1031 3486 quoque;
1053 3411 1133 3465 ortos
1149 3407 1180 3467 in
1198 3407 1344 3468 vocabulo
1357 3418 1439 3468 tasta-

292 3525 385 3573 monta
406 3514 503 3591 gignit
525 3515 677 3573 notionem
700 3531 823 3586 eornm,
845 3515 895 3593 qui
918 3533 978 3574 non
1001 3512 1066 3573 orbi
1089 3524 1185 3574 erant.
1208 3549 1244 3561 -
1292 3516 1366 3593 Agr.
1380 3518 1437 3576 38:

366 3779 391 3852 1)
409 3783 484 3832 Paene
508 3777 648 3830 incredibilis
673 3787 709 3831 est
733 3793 799 3829 error
823 3779 923 3842 flantis,
947 3795 1018 3846 quum
1037 3779 1115 3849 (Ture.
1135 3783 1153 3842 Ι,
1172 3781 1236 3850 463)
1262 3781 1334 3834 dicat:
1358 3781 1436 3834 aeria

293 3893 338 3928 non
356 3884 410 3928 sunt
428 3874 525 3926 minacia
544 3875 626 3935 verbs,
644 3873 685 3923 sed
704 3872 771 3922 vesun
790 3887 848 3937 quae
867 3872 934 3924 minis
954 3873 1122 3938 quodammodo
1142 3883 1296 3940 opponuntur,
1315 3874 1437 3926 suntatio·

292 3970 344 4032 qnia
362 3971 444 4020 blanda
463 3976 489 4018 ut
507 3967 567 4031 apud
586 3967 653 4031 Prop.
674 3967 693 4028 Ι,
714 3965 754 4026 tt,
774 3965 817 4015 22.

258 4101 270 4146 .'
363 4077 392 4140 2)
411 4077 537 4142 Singularis
556 4075 720 4141 metonymicas
740 4075 872 4154 offensionis
896 4077 951 4127 nihii
974 4077 1076 4143 praebet
1111 4079 1169 4128 tun.
1195 4077 1234 4140 ΙΙΙ,
1259 4078 1304 4130 li:
1326 4080 1438 4150 popular

291 4169 348 4237 pius
367 4171 414 4222 rttt
432 4172 461 4222 its
478 4170 621 4239 principem
640 4169 753 4222 occultae
773 4169 842 4221 roais
860 4177 905 4220 ortt
924 4169 1066 4238 suspicacis
1084 4169 1314 4238 altampetram.
1351 4171 1384 4222 ct.
1397 4173 1436 4223 in-

291 4276 360 4326 super
378 4263 523 4314 Wsinksutdi
541 4262 631 4314 dissert.
667 4263 685 4325 1,
703 4261 746 4313 38.

362 4369 390 4438 3)
408 4371 484 4422 Wottti
502 4375 644 4435 conjecture:
664 4387 706 4424 vor
724 4381 771 4426 out
786 4373 858 4423 mutui
878 4373 996 4432 haustus,
1017 4387 1156 4436 quamquem
1173 4375 1227 4424 terri
1246 4383 1337 4438 posset,
1357 4383 1434 4425 tamen

291 4463 419 4514 necessaria
437 4479 483 4514 uon
502 4471 547 4514 est.
583 4463 617 4514 et.
636 4478 685 4526 oop.
705 4463 741 4513 ΙΙΙ.
