3188 5252
102 501 228 573 repetitis
256 503 381 574 mistiae.
426 497 536 558 Germ?
553 501 603 559 14.
634 499 709 576 Agr.
733 502 789 575 213
826 508 879 560 aut
907 501 972 561 sola
1000 502 1245 580 pronuntiatione

106 604 208 683 palam
240 606 273 664 fit
305 604 482 687 (besonders
516 605 586 666 aber
620 608 660 665 ist
694 606 748 668 dee
776 628 812 668 zu
843 608 1022 680 betesmon,
1046 607 1140 690 dees):
1170 610 1244 686 Agr.

109 713 144 771 9:
164 716 224 784 jam
236 733 310 786 ¹uera
323 726 456 790 ‚tempora
477 737 607 772 curarum
621 718 862 790 reraueioaumque
884 719 986 775 divim.
1005 747 1046 763 -·
1069 729 1140 774 tum
1161 739 1246 776 uera

108 819 242 898 quinque
264 819 336 880 loch
359 821 477 898 legitor,
498 822 548 901 qui
572 839 676 880 omnes
699 823 741 880 ita
763 823 928 902 comparati
949 835 1027 896 sunt,
1059 833 1093 884 nt
1115 844 1181 884 cum
1203 826 1245 884 af·

110 927 190 986 iectu
212 939 241 986 et
262 930 460 997 commotione
483 930 573 990 animi
594 930 760 1004 indicetur,
794 952 904 991 navam
927 932 1078 1012 quendam
1100 933 1247 992 actionem

113 1035 204 1094 eliam
227 1037 356 1115 insequi:
378 1032 451 1114 Agr.
476 1039 533 1096 37:
565 1050 736 1096 tramaectae
762 1051 913 1114 praecepto
944 1044 1023 1098 dacia
1045 1061 1064 1098 a
1082 1047 1175 1112 fronte
1192 1063 1248 1114 pu·

112 1145 257 1216 preamium
279 1147 343 1200 alae
365 1165 493 1203 comeam
513 1148 630 1203 isontium
652 1149 739 1203 aciem
761 1147 895 1204 iuuaeere.
917 1157 974 1204 tum
994 1168 1058 1206 cero
1080 1179 1118 1188 ,-
1142 1152 1250 1219 praudc

113 1261 140 1307 et
162 1261 242 1307 atron
262 1256 456 1324 spectaculum.
502 1252 581 1318 Hiar.
604 1246 626 1326 l,
650 1254 689 1312 35
714 1252 788 1331 (init.
811 1250 901 1330 cap.):
924 1265 1066 1312 taratara
1087 1276 1142 1312 aar:
1155 1257 1250 1330 'popu-

113 1362 159 1415 iua
180 1369 286 1416 tantum
309 1386 350 1400 ·-
371 1364 421 1418 red
452 1361 571 1434 equitum
597 1363 724 1434 plerique
755 1380 789 1416 aa
816 1370 972 1416 renatorum
1000 1390 1042 1400 -
1063 1381 1143 1418 ruere
1168 1364 1249 1418 ictae·

116 1469 176 1526 st:
199 1470 276 1524 abire
293 1487 415 1542 propera
436 1489 527 1526 marea
559 1488 574 1524 e
602 1467 725 1526 conuiuia
744 1469 833 1538 iuuit.
868 1469 924 1524 tum
952 1487 1017 1526 uera
1034 1472 1143 1540 paeeim
1164 1472 1251 1542 mapi-
1290 1495 1293 1502 ·

115 1586 221 1634 atratus
238 1577 370 1648 projectis
392 1577 543 1648 iaeipuibua
564 1609 604 1618 —
633 1578 753 1632 incertus
784 1577 906 1632 latebrae
933 1578 1062 1648 petivere.
1107 1574 1168 1646 IV,
1195 1577 1251 1633 29:

116 1685 245 1740 restincto
266 1684 328 1754 ipae
349 1685 458 1742 reieceri
477 1694 576 1740 curtata
597 1685 712 1740 tenebris
734 1693 759 1738 et
782 1685 867 1738 armis
882 1685 969 1753 jubet.
992 1694 1049 1739 tum
1070 1704 1135 1741 uera
1155 1687 1253 1757 strepi·

120 1801 163 1846 tue
184 1791 297 1862 diaconi,
320 1809 401 1844 caetu
422 1791 520 1844 incerti
541 1795 597 1844 oet.
620 1787 699 1845 Ann.
712 1786 738 1854 I,
762 1787 820 1846 35:
843 1792 869 1844 ei
889 1791 968 1846 uellet
988 1793 1141 1863 imperium,
1160 1812 1254 1863 prara-

119 1909 165 1954 tae
186 1917 230 1954 res
251 1906 426 1955 aeteutauere.
449 1905 506 1950 tum
528 1914 600 1964 uera,
622 1897 705 1965 quasi
724 1898 823 1952 :aalma
844 1898 1090 1970 contaminaretur,
1119 1917 1255 1970 praecepa

118 2007 255 2062 tribunati
273 2006 394 2084 deailuit.
425 2001 526 2076 Quare
548 1999 587 2059 nd
609 2001 810 2078 conjecturam
826 2000 1009 2072 adducimur,
1030 2003 1167 2062 Tacitum
1180 1999 1255 2064 Ann.

122 2113 178 2187 IV,
201 2114 241 2171 17
265 2110 315 2170 ubi
337 2110 492 2186 leguntur:
517 2113 641 2168 Tiberius
661 2113 739 2166 haud
760 2131 889 2184 umquam
914 2115 1010 2168 domat
1030 2115 1191 2171 Germanici
1207 2116 1256 2170 mi·

55 2269 61 2282 a
120 2225 165 2297 tie,
186 2233 246 2295 tum
262 2241 327 2278 uero
347 2220 467 2294 aequari
486 2221 673 2290 adulmceuteo
692 2229 815 2276 remotae
845 2239 913 2276 mae
934 2221 1108 2292 impatienter
1138 2220 1257 2274 indoluit

122 2329 294 2407 scripsisse:
316 2339 400 2384 tuac
420 2345 503 2397 uer-03
525 2342 653 2401 namque
675 2323 774 2400 egitur
790 2323 828 2382 de
851 2321 1009 2382 indicendo
1022 2332 1102 2381 certo
1126 2322 1256 2402 quodam
1310 2311 1312 2314 ¹

122 2435 267 2516 temporis
290 2444 418 2512 puncto,
456 2430 654 2510 oppositaque
676 2429 756 2488 haud
779 2429 869 2490 dubie
898 2437 968 2488 sunt
990 2430 1153 2490 vocabula:
1181 2435 1259 2486 haud

123 2565 261 2618 umquam.
293 2554 434 2598 tumuere
455 2537 512 2596 nisi
539 2557 579 2596 cx
600 2536 699 2596 animo
729 2537 882 2614 scriptoris
914 2537 1023 2596 dictum
1053 2556 1111 2594 non
1135 2537 1259 2614 cogitari

124 2618 238 2731 posset,
261 2657 291 2708 et
312 2654 480 2728 apponeret
503 2644 739 2704 additamentum
763 2645 841 2704 sicut
864 2647 943 2702 Ann.
967 2643 1057 2717 xtss,
1075 2648 1113 2704 3:
1138 2648 1261 2702 Tiberius

126 2774 214 2834 artem
236 2779 342 2836 quoque
362 2760 497 2828 caliabat,
527 2776 584 2840 qua
604 2759 688 2812 uerba
710 2759 890 2828 expenderet,
922 2766 979 2812 tum
1008 2757 1120 2812 vatidus
1140 2758 1261 2811 saucibus

127 2882 177 2927 aut
196 2871 318 2926 ceramo
339 2869 487 2937 ambiqaua
543 2861 605 2920 sat
629 2863 672 2920 ita
692 2862 785 2922 verba
807 2861 936 2920 absurdo
965 2862 1106 2938 languere
1130 2861 1194 2940 quis
1218 2871 1263 2918 cst

129 2973 201 3051 quin
222 2969 345 3030 videat?
380 2966 508 3028 Accedit
529 2965 610 3046 quod
632 2965 720 3024 unico
744 2965 825 3044 loco,
859 2985 918 3045 quo
947 2973 1106 3044 praetereo
1128 2964 1263 3023 adhibuit

129 3093 194 3140 tuac
213 3057 277 3140 aera
298 3079 441 3155 scriptor,
470 3076 619 3134 sententia
640 3092 762 3153 prorsus
784 3076 815 3132 in
839 3074 965 3134 eundem
1000 3074 1120 3132 modum
1144 3093 1263 3152 compo-

129 3189 187 3246 sita
209 3196 272 3245 est:
306 3185 385 3242 Ann.
407 3178 431 3256 I,
457 3185 512 3241 ll:
551 3184 658 3240 Tiberio
688 3185 770 3240 etiam
792 3184 921 3238 iurabas
949 3203 1019 3254 puae
1049 3203 1103 3239 aaa
1125 3185 1264 3254 occuleret,

128 3318 177 3358 seta
198 3307 303 3354 natura
321 3296 378 3350 eive
400 3294 591 3371 ederaceae,
613 3309 746 3362 rerepente
768 3310 874 3378 semper
895 3300 921 3346 et
942 3294 1058 3347 obscura
1079 3292 1180 3360 uerba5
1202 3299 1265 3343 tuac

129 3425 194 3462 uera
215 3403 313 3459 emerui
332 3411 362 3456 ut
383 3420 477 3456 aeriam
497 3420 561 3456 suae
575 3400 687 3470 pertitus
709 3399 838 3466 abderet,
861 3398 890 3451 ia
911 3399 1042 3454 incertum
1065 3405 1090 3452 et
1110 3398 1266 3468 ambipuum

130 3515 219 3585 :trapis
239 3511 462 3583 implicabantur.
506 3504 616 3564 Locum
641 3522 700 3584 quo
725 3500 870 3560 vocabula
900 3514 963 3560 tuuc
987 3509 1017 3560 et
1037 3524 1185 3576 auriquam
1210 3501 1267 3560 eibi

132 3629 323 3700 opponuntur
343 3616 466 3692 insuper
495 3613 588 3674 habos
613 3613 692 3672 Hist.
714 3609 774 3682 III,
796 3611 854 3670 46:
886 3622 961 3668 arata
994 3623 1019 3667 et
1039 3616 1182 3669 Dacorum
1204 3631 1269 3682 pauo

132 3745 282 3798 amapuam
297 3728 370 3794 fida.
392 3732 456 3779 tuac
484 3723 543 3778 eiua
572 3731 644 3776 metu
666 3723 783 3776 abducto
818 3739 832 3774 e
865 3720 974 3776 Maesia
1005 3721 1129 3774 enacim.
1154 3747 1194 3759 -
1232 3726 1269 3772 ut

134 3854 234 3892 uero:
256 3831 334 3890 Hiet.
358 3823 394 3898 li,
419 3828 474 3886 29:
493 3837 643 3902 paveatea,
665 3828 788 3896 aileruio,
807 3828 965 3898 patientia,
986 3832 1122 3895 paetremo
1142 3823 1270 3894 precibus

38 4014 40 4023 Ι
135 3963 169 3998 ac
190 3941 313 4001 lacrimis
333 3939 441 3994 ueniam
463 3918 637 4008 pauitant.
673 3935 703 3988 :it
724 3951 788 3990 vcro
816 3933 951 4001 (laseratis
972 3940 997 3986 et
1012 3932 1085 4001 flaua
1114 3938 1139 3984 ct
1157 3936 1272 3998 praeter

135 4069 209 4121 spem
231 4047 374 4102 incolumis
401 4044 499 4100 Valeas
520 4041 659 4112 processit,
683 4042 825 4110 paadium,
848 4041 997 4109 miaeratio,
1016 4040 1109 4105 fauor.
1134 4032 1188 4103 IV,
1211 4031 1271 4090 46:

136 4157 199 4212 illas
217 4155 327 4224 primus
347 4152 441 4206 rtatim
472 4153 619 4220 adspectus
649 4148 866 4218 obstupefecerat
889 4164 947 4201 —:
981 4155 1011 4200 ut
1039 4162 1103 4199 uera
1134 4144 1187 4197 huc
1207 4141 1274 4196 iiiuc

138 4260 258 4318 distrahi
278 4277 389 4330 coepere
410 4267 494 4313 :aetra
519 4276 574 4328 per
603 4272 702 4311 orarias.
758 4254 838 4308 Ann.
861 4249 907 4322 Vi,
934 4249 974 4307 10
1005 4248 1080 4326 (init.
1105 4242 1207 4325 cap.):
1245 4258 1275 4303 ut

138 4388 201 4424 ‘ocra
224 4367 367 4422 Latinium
378 4367 522 4420 Latiarem
544 4365 681 4433 iupreeeus
703 4371 749 4416 eet.
793 4357 835 4416 Et
850 4369 1051 4430 postquam
1073 4373 1173 4410 uero:
1196 4351 1276 4410 Ann.

141 4473 224 4546 XIV,
246 4475 304 4534 44:
325 4483 452 4544 impacta
473 4473 623 4544 maioribus
645 4472 745 4528 :cestrie
767 4474 879 4537 juerant
901 4467 1011 4538 iupeaia
1025 4483 1171 4534 aaronem,
1194 4463 1277 4518 ctiam
