3188 5252
701 272 762 360 s
869 301 928 366 1se

316 471 541 550 praecedentem
586 477 775 554 negationem
819 480 960 557 positum.
1026 477 1165 556 Denique
1197 478 1287 536 etiem
1311 475 1455 554 objecto,

315 578 396 657 quod
419 591 464 639 est
485 587 527 640 nil
547 617 591 628 —-
612 585 637 643 si
660 584 780 664 quidem
810 597 881 665 post
909 590 1039 644 instinctu
1068 584 1192 645 verbum
1223 584 1312 665 quale
1343 596 1455 658 egerent

314 686 515 764 supplendum
539 709 605 750 esse
627 693 811 752 consentitur
835 727 874 765 ,-
898 713 957 752 non
982 694 1057 752 bene
1080 711 1196 765 cereas,
1232 693 1376 771 imprimis
1407 711 1455 750 re-

315 802 416 872 speeto
440 795 538 856 Taciti
563 818 618 858 usu
641 799 768 860 dicendi.
813 796 882 878 Agr.
908 804 966 861 19:
987 805 1085 860 nibil
1102 823 1157 876 per
1178 805 1288 860 liberter
1309 814 1457 876 serenaque

309 907 441 978 publicae
464 909 506 963 rei
527 906 607 965 Hist.
630 904 650 981 l,
674 908 734 968 84:
756 930 804 966 voe
826 912 937 983 quidem
958 912 1135 983 istudpro
1156 929 1207 967 me.
1240 909 1333 967 Plura
1352 927 1456 966 exem-

314 1012 367 1089 pla
388 1011 514 1072 Wexius
537 1013 576 1073 ad
598 1015 670 1090 Agr.
697 1018 735 1075 19
759 1015 890 1092 collegit.
921 1025 954 1075 ut
975 1010 1042 1075 Liv.
1065 1016 1102 1096 V,
1127 1017 1186 1076 43:
1221 1021 1354 1075 odansue
1387 1037 1458 1090 quoa

318 1125 441 1180 Romani
471 1126 562 1180 nibil
593 1135 691 1182 temere
721 1145 779 1182 neo
811 1129 926 1199 trepide.
983 1123 1044 1184 cic.
1066 1124 1197 1202 Philipp.
1221 1124 1254 1197 Ι,
1279 1127 1313 1184 2:
1347 1137 1458 1184 mutata

315 1232 416 1301 omniu,
439 1234 537 1289 nibil
553 1252 608 1305 per
627 1244 760 1308 renotem,
781 1237 870 1291 malta
892 1244 917 1290 et
938 1254 1041 1306 magne
1058 1254 1112 1307 per
1131 1237 1284 1306 populeum
1305 1251 1456 1312 quamto-

244 1356 248 1363 ·
315 1339 395 1414 piam
418 1336 506 1396 facile
530 1358 640 1415 augere
663 1358 793 1418 possem.

402 1439 547 1520 Superest
569 1451 602 1502 ut
625 1443 662 1504 de
684 1466 716 1503 oe
739 1444 888 1516 dieamus,
926 1441 1006 1522 quod
1035 1443 1154 1521 saepius
1186 1443 1337 1502 invonitur
1366 1461 1459 1522 quam

314 1555 392 1625 pert.
415 1550 464 1605 ael.
508 1548 570 1607 Res
595 1548 701 1607 eadem
726 1558 785 1616 est,
819 1549 875 1607 nisi
898 1547 980 1627 quod
1002 1547 1153 1606 levissimo
1177 1546 1266 1606 modo
1289 1568 1321 1606 ne
1342 1546 1458 1625 disjun-

315 1654 367 1730 git.
413 1651 515 1713 Germ.
539 1655 596 1714 42:
619 1677 667 1713 nee
688 1660 800 1714 Naristi
821 1658 947 1722 Quadive
967 1660 1139 1728 depenerent.
1184 1655 1265 1714 Hist.
1288 1652 1311 1728 I,
1337 1659 1372 1716 32
1407 1678 1460 1715 neo

317 1767 388 1821 enim
408 1785 539 1838 umquam
561 1769 741 1824 atrocioribus
758 1768 861 1839 pepuli
880 1769 915 1822 R.
939 1767 1065 1822 cladibus
1086 1765 1206 1838 magisne
1233 1769 1315 1838 justia
1342 1767 1461 1824 indiciis

216 1857 217 1864 .
316 1875 501 1944 adprobatum
524 1883 562 1929 eet
584 1881 639 1929 eet.
664 1892 729 1951 oap.
754 1873 812 1934 19:
833 1894 883 1930 nee
904 1875 986 1929 eliud
1006 1875 1109 1930 dietum
1128 1878 1276 1944 fortemne.
1301 1873 1356 1931 55:
1379 1877 1462 1932 nullo

317 1986 469 2058 legatorum
489 1985 697 2040 tribunorumve.
742 1982 795 2054 IV,
821 1983 877 2041 74:
900 1985 970 2038 altit
991 1993 1151 2055 separatum
1173 1961 1335 2040 olaueennoe.
1375 1983 1461 2041 Anu.

315 2087 388 2160 ΧΠ,
413 2087 469 2146 35:
506 2093 585 2162 opud
613 2109 680 2162 quor
702 2093 779 2147 nulle
801 2092 950 2147 lorieerum
971 2093 1146 2162 potentemve
1169 2091 1296 2162 tepmiae.
1351 2083 1461 2146 Germ.

316 2196 376 2254 45:
398 2217 447 2254 neo
469 2217 540 2270 quaa
560 2207 677 2270 eatena,
711 2218 814 2270 quaeve
833 2200 907 2256 ratio
928 2200 1040 2270 pigeat,
1076 2200 1228 2271 quaeritent
1250 2207 1461 2270 compertumoe.

316 2302 358 2361 At
380 2302 456 2360 solet
478 2302 551 2360 Tae.
573 2305 691 2362 variare
713 2304 874 2382 particulas
897 2300 1052 2381 disjunct,
1083 2323 1173 2383 quam
1196 2313 1228 2362 ut
1251 2303 1295 2363 bis
1317 2323 1460 2382 rerepe-

317 2420 369 2470 tet.
394 2411 474 2470 Hist.
496 2410 544 2484 II,
569 2412 625 2471 50:
660 2435 746 2488 neque
768 2418 834 2473 inde
854 2425 930 2472 coetu
951 2417 1089 2472 hominene
1111 2425 1159 2470 eut
1180 2415 1461 2472 circumvolitantium

317 2523 415 2576 album
446 2523 573 2596 tenattem
605 2522 760 2591 palemone.
812 2518 915 2579 Germ.
940 2523 976 2580 6:
1010 2524 1055 2578 oia
1083 2523 1135 2577 uni
1163 2523 1277 2579 alteriue
1297 2523 1384 2579 casem
1408 2533 1461 2581 met

315 2623 440 2702 puteal).

402 2735 575 2814 Numquam
600 2742 698 2792 autem
721 2741 904 2812 usurpentur
926 2742 1000 2810 'eet,
1029 2740 1087 2811 vel,
1116 2757 1149 2794 ee
1170 2736 1214 2794 ite
1236 2745 1269 2794 ut
1302 2744 1463 2814 opponant

316 2843 503 2916 sententiam,
527 2861 605 2921 quae
627 2861 681 2901 suo
703 2840 796 2901 verbo
819 2843 939 2918 regitur.
984 2841 1054 2918 Qua
1075 2843 1106 2902 in
1128 2862 1161 2902 re
1185 2844 1367 2903 conveniunt
1381 2844 1461 2904 Tae.

317 2956 348 3006 et
369 2946 484 3027 Cicero,
508 2947 608 3006 differt
631 2947 784 3022 Vergilius
795 2943 828 3027 ²).
853 2981 891 2994 -

404 3051 464 3112 Sed
488 3072 547 3111 non
570 3053 667 3112 solum
690 3052 783 3111 semel
804 3054 922 3131 positae
934 3051 1100 3131 particulae
1118 3050 1256 3129 disjunet.
1281 3053 1312 3110 in
1335 3061 1461 3114 senten·

315 3164 363 3221 tiis
386 3163 534 3239 negativis
557 3160 743 3234 adhibentur,
765 3181 870 3221 verum
894 3163 984 3220 etiam
1007 3162 1192 3237 geminatam
1215 3169 1325 3235 tamen,
1348 3182 1387 3222 ne
1411 3165 1461 3224 ni-

315 3272 406 3330 mium
430 3269 535 3340 dicam,
558 3269 623 3326 sola
644 3268 792 3346 particule
814 3281 869 3328 aaa.
929 3269 974 3326 Ae
1008 3287 1045 3326 ue
1068 3287 1105 3326 ea
1135 3267 1256 3347 quidem
1279 3268 1464 3332 ereberrime

317 3379 464 3449 invenias,
488 3396 580 3457 quum
603 3379 721 3435 omnino
744 3396 812 3435 raro
835 3395 853 3434 a
875 3375 983 3434 Tacito
1006 3383 1144 3453 ponatur,
1168 3377 1257 3442 simili
1269 3395 1369 3454 eausa,
1394 3381 1462 3457 opi-

317 3506 382 3570 nor,
406 3505 440 3544 ae
464 3498 489 3544 et
516 3519 550 3528 —-
576 3492 615 3544 et.
662 3483 802 3543 Ceterum
825 3485 855 3542 in
879 3483 1009 3542 historiis
1033 3492 1063 3541 et
1079 3484 1195 3562 seriptis
1217 3485 1380 3546 minoribus
1400 3487 1463 3548 fre-

214 3671 217 3678 ·
317 3581 456 3675 quentiae
480 3596 569 3653 etiam
593 3592 708 3670 legitur,
733 3612 821 3672 quam
843 3594 872 3650 in
896 3592 1064 3652 annalibus.
1110 3592 1275 3654 Consilium
1298 3594 1388 3673 hujus
1411 3617 1462 3656 ra-

316 3705 405 3762 tionis
430 3712 483 3775 est,
506 3713 538 3762 ut
561 3711 686 3762 acuetur
709 3701 828 3780 negatio
849 3702 961 3780 pariter
982 3721 1018 3760 ae
1041 3702 1202 3762 extolletur
1224 3704 1463 3785 unumquodque

315 3806 498 3881 membrum,
533 3806 563 3866 id
585 3807 666 3888 quod
687 3806 840 3885 duplicato
861 3819 909 3865 eat
940 3808 1035 3882 magis
1059 3807 1148 3865 etiam
1171 3806 1218 3881 fit,
1251 3827 1340 3888 quam
1364 3813 1463 3872 semel

314 3917 423 3995 posito,
444 3924 478 3975 ut
499 3923 731 3974 consentaneum
753 3921 808 3973 est.
852 3915 925 3989 Agr.
950 3917 985 3974 9:
1016 3936 1064 3973 nee
1084 3918 1143 3988 titt,
1183 3920 1258 3990 qnod
1278 3928 1317 3974 ast
1340 3923 1456 3977 rarissi-

311 4024 388 4082 'mum
409 4037 458 4082 out
477 4027 605 4096 feciliter
626 4026 815 4082 auctoritatem
837 4034 885 4080 aut
905 4026 1036 4080 toenitae
1066 4044 1186 4093 emmam
1216 4026 1353 4082 drininee't.
1391 4028 1461 4089 22:

314 4138 420 4191 nullum
441 4138 475 4190 ab
497 4137 630 4205 Agricola
645 4135 767 4207 positum
788 4136 929 4190 rostellum
949 4143 998 4189 eut
1018 4135 1182 4190 vibentium
1204 4145 1387 4207 expugnatum
1409 4145 1463 4193 aut

388 4365 416 4434 1)
435 4367 554 4429 congessit
573 4383 586 4416 a
604 4367 699 4430 Vergilio
716 4369 819 4432 exempla
838 4369 974 4431 Wrguerus,
993 4375 1089 4432 quaeso.
1109 4368 1175 4430 Verg.
1199 4368 1260 4419 522.

386 4459 413 4527 2)
430 4460 465 4510 Cl.
483 4461 589 4524 Wagner,
608 4469 706 4526 quaestt
725 4462 775 4512 577
796 4477 846 4526 seq.
863 4462 946 4524 Reisig,
966 4461 1037 4512 schol.
1055 4462 1095 4513 lat.
1112 4462 1164 4513 adn.
1184 4461 1246 4514 413.
