3188 5252
697 289 758 349 139
850 269 852 274 ’

121 531 125 536 ¹
156 481 224 517 nam
244 463 441 534 suscipere,
465 477 542 540 quae
566 458 653 519 lectio
678 458 768 521 dubia
790 461 907 522 videtur
931 462 1056 542 primum
1088 471 1213 543 propter
1238 466 1298 524 sin·

156 565 294 640 gularem
317 567 566 624 constructionem
590 566 673 625 verbi
703 567 783 648 quod
807 576 868 626 est:
898 581 1080 643 temeraret,
1118 567 1230 628 deinde
1259 569 1297 630 ob

157 691 290 750 sequens
312 677 376 747 red,
399 672 480 752 quod
503 692 594 753 quum
618 674 712 749 magis
742 694 780 734 ex
803 693 886 734 more
908 675 1047 734 Tacitino
1071 676 1109 733 sit
1131 687 1171 749 et,
1205 663 1315 750 aegre*

155 787 304 840 tueamur.
356 779 481 840 Rectam
517 783 580 840 sine
611 779 699 840 dubio
733 790 976 842 monstraverunt
1008 782 1187 842 emendandi
1217 784 1296 842 viam

156 889 300 949 Haaeaus
324 895 354 948 et
376 881 523 961 Halmius,
547 889 630 966 prior
653 889 678 946 si
700 888 819 948 scribit:
843 897 1013 969 temperare
1029 887 1125 951 dolori
1148 911 1225 950 neve
1249 910 1296 950 ae·

157 1005 279 1057 ternum
301 998 475 1076 susciperet,
498 996 575 1055 alter
598 992 708 1056 edens:
738 1005 920 1076 temperaret
943 997 1039 1057 dolori
1061 1019 1119 1058 nen
1142 1006 1297 1060 aeternum

156 1107 334 1185 susciperet.
378 1107 494 1165 Tamen
516 1113 549 1164 nt
570 1123 693 1184 prorsus
716 1106 747 1164 in
762 1107 941 1165 sententiam
960 1105 1132 1166 alterutrius
1156 1128 1222 1168 eam
1236 1129 1298 1168 non

156 1214 303 1275 adducor.
345 1213 452 1295 Neque
475 1216 554 1274 anim
576 1213 726 1291 intelligo,
765 1215 837 1295 qnid
860 1214 941 1274 dubii
966 1215 1191 1295 deprehendere
1215 1218 1297 1277 Haa-

158 1341 228 1381 saus
251 1322 308 1380 sibi
331 1323 413 1380 visus
436 1323 474 1381 sit
496 1323 526 1382 in
549 1321 694 1382 voeabula
717 1324 887 1383 sanissimo:
908 1335 1081 1398 tearpercret,
1103 1342 1201 1402 neque
1223 1343 1294 1382 vero

157 1431 274 1492 Halmii
296 1453 349 1490 cea
369 1431 557 1510 probandum
580 1440 642 1504 ast,
677 1435 747 1512 qnia
771 1432 929 1493 observavi
950 1453 968 1492 a
990 1433 1113 1505 Tacito,
1148 1455 1201 1492 nee
1223 1453 1297 1492 nun·

159 1559 249 1620 qnam
273 1539 347 1618 poni
369 1548 438 1598 ante
467 1539 612 1600 vocalem.
666 1539 836 1602 scribamus
866 1543 976 1620 igitur:
1014 1553 1177 1616 temperaret
1206 1545 1300 1601 dolera'

158 1670 224 1706 aeae
246 1660 386 1706 manum
407 1652 562 1722 erumperet.
594 1681 634 1693 -
680 1643 760 1710 Ann.
786 1649 870 1722 XVI,
895 1651 949 1709 34:
980 1654 1065 1724 iyitur
1088 1655 1186 1724 flentes
1209 1653 1298 1723 pne-i-

160 1760 374 1830 scaenamque·
401 1761 521 1814 aderam
547 1760 685 1825 facessere
709 1777 828 1831 propere
854 1761 979 1815 Thema
1008 1779 1061 1815 neu
1094 1760 1224 1831 pericula
1244 1777 1297 1814 sua

158 1868 270 1922 miscere
291 1885 352 1921 cum
373 1875 445 1923 sorte
466 1866 595 1921 damnati
616 1868 748 1923 bortatur.
794 1863 897 1924 Scribo
921 1886 970 1923 nee
991 1869 1119 1940 pericula
1141 1884 1208 1923 eum
1221 1864 1294 1942 Nip-

156 1972 292 2052 perdejo.
335 1971 414 2031 Nam
437 1972 518 2030 nullo
543 1971 631 2032 modo
656 1971 714 2032 diei
736 1982 857 2050 potest:
880 1995 933 2032 aee
953 1977 1094 2048 miseere,
1117 1973 1234 2032 etiamsi
1254 1981 1298 2030 to-

156 2081 322 2141 leraremus
352 2081 530 2140 infinitivum
555 2089 711 2156 secessera-
752 2090 842 2163 atque
874 2081 1024 2162 quomodo
1056 2080 1094 2140 ab
1126 2080 1238 2141 Orellio
1268 2081 1299 2138 in

156 2189 415 2267 comparationem
445 2190 546 2248 vocari
573 2191 705 2267 potuerit
737 2190 821 2250 loeus
851 2188 1002 2250 dissimilis
1030 2188 1109 2248 Ann.
1131 2182 1153 2260 l,
1178 2190 1218 2248 35
1242 2206 1298 2267 ego

157 2298 279 2378 quidem
303 2316 362 2356 non
384 2298 528 2374 intelligo.

244 2417 323 2480 Anu.
347 2413 394 2500 Vl,
421 2421 474 2478 18:
508 2422 631 2477 senense
653 2423 819 2494 naamam,
857 2442 935 2495 quem
964 2423 1041 2476 intre
1061 2422 1134 2476 diem
1156 2424 1197 2476 ed
1213 2441 1312 2494 prae-¹

157 2541 244 2589 torem
264 2532 399 2586 cebanum
422 2533 604 2600 deferrentur,
640 2545 726 2600 neque
747 2530 846 2585 laedere
863 2529 1000 2600 priuatim
1022 2529 1114 2584 liceret
1135 2527 1209 2584 item
1232 2545 1297 2584 cum
1383 2504 1384 2507 Ἰ

157 2633 305 2713 Nipperd.
329 2631 423 2705 faeie,
454 2651 544 2710 quum
567 2631 591 2688 is
614 2630 743 2688 scribat:
766 2651 852 2688 neue
874 2633 979 2688 bebere.
1023 2628 1102 2688 Nam
1125 2629 1197 2689 nihil
1219 2631 1299 2690 inest

157 2740 187 2798 in
211 2739 368 2810 sententia,
392 2755 470 2817 qnae
494 2735 652 2816 antecedit,
676 2733 843 2813 imperandi
867 2735 915 2794 vel
939 2733 1093 2808 hortandi,
1124 2734 1177 2794 sed
1200 2736 1297 2795 solnm

158 2848 271 2908 factum
294 2853 447 2922 narratur,
485 2851 575 2924 atque
597 2845 627 2902 in
660 2841 759 2902 verbis
782 2864 861 2918 quem
881 2847 958 2900 intre
980 2847 1053 2901 diem
1075 2845 1208 2902 maxima
1230 2845 1316 2903 sen?

160 2954 269 3026 tentiae
293 2953 338 3010 vis
361 2951 460 3030 posita
492 2958 547 3010 est.
603 2950 740 3009 Adnotnt
773 2969 844 3008 vero
875 2949 1041 3008 rectissime
1071 2946 1179 3026 Nipp.‚
1212 2969 1298 3024 aeque

161 3063 185 3119 si
195 3080 376 3121 sumeremus
390 3059 507 3136 vulgari
519 3059 745 3140 significatione,
763 3059 821 3117 dici
834 3057 992 3116 debuisse:
1008 3077 1087 3130 quem
1102 3045 1201 3114 ultra
1215 3061 1295 3114 diem.

244 3171 342 3245 Quum
366 3169 610 3248 conspexerimus
633 3167 733 3241 locos,
764 3164 871 3245 quibus
893 3185 959 3223 nece
982 3164 1062 3243 apud
1085 3164 1158 3222 Tae.
1181 3164 1298 3238 legitur,

155 3277 360 3354 intelligemus
383 3275 615 3354 discrepantiam
636 3293 708 3333 usus
731 3274 763 3331 in
778 3270 902 3349 singulis
926 3270 1053 3349 scriptis.
1096 3271 1206 3328 Exstat
1220 3269 1298 3328 enim

155 3410 222 3447 nece
244 3389 274 3446 in
297 3384 453 3446 annalibus
476 3387 568 3444 vicies
592 3384 701 3455 semel,
733 3384 764 3440 in
797 3380 928 3439 historiis
952 3381 1066 3451 sexies,
1104 3379 1133 3437 in
1156 3373 1298 3455 A'grieola

133 3493 266 3564 ·,samel‚
300 3493 331 3551 in
354 3491 517 3552 Germania
551 3490 635 3550 nullo
666 3489 742 3548 loeo.
801 3483 994 3546 Geminatnm
1022 3504 1087 3543 neae
1118 3503 1178 3543 non
1211 3502 1298 3542 usur-

156 3608 258 3680 patur.
284 3631 326 3646 »-

242 3726 400 3791 Veniamus
424 3729 462 3788 ad
486 3748 571 3787 nsum
590 3728 805 3806 particularum
828 3724 1064 3804 copulativarum
1089 3725 1120 3782 in
1144 3723 1299 3782 sententiis

155 3841 315 3918 negativis,
348 3859 425 3918 quae
447 3839 536 3918 plura
559 3835 692 3896 membra
714 3839 785 3896 item
809 3838 1012 3913 conjungunt,
1045 3840 1078 3892 ut
1102 3832 1298 3911 subjiciantur

154 3947 310 4025 negationi
332 3947 383 4005 uni
407 3954 498 4026 atque
520 3947 686 4018 communi,
717 3945 933 4023 minimumque
955 3961 1047 4021 saepe
1070 3947 1116 4000 est
1138 3941 1298 4000 discrimen

154 4060 306 4119 intereas
330 4063 361 4113 et
382 4053 577 4132 disjunctivae
600 4062 678 4134 part.
729 4055 864 4113 Fuerunt
893 4053 944 4130 qni
973 4051 1050 4110 male
1072 4049 1298 4123 contenderent,

154 4165 295 4246 particul.
318 4183 386 4242 eop.
408 4165 468 4223 vim
491 4163 639 4245 quandam
661 4164 834 4241 negativam
857 4162 938 4240 ipsas
968 4159 1091 4220 induere
1104 4157 1125 4240 ¹)
1182 4160 1296 4220 Nihiln-

230 4463 255 4534 1)
273 4464 328 4514 Vide
346 4462 501 4515 Wellanerum
520 4464 624 4515 inJahnii
642 4465 707 4516 anall.
726 4465 782 4530 phil.
801 4463 898 4542 etpaedy.
909 4463 926 4512 Ι.
946 4461 1022 4526 suppl.
1041 4459 1085 4509 vul.
1104 4473 1156 4525 pag.
1171 4458 1295 4523 402seqq'.
