3196 5270
908 338 948 396 70

369 525 420 578 qao
441 509 537 580 opibus
559 512 641 566 ἀοηιο
660 519 767 582 pur-uta
795 513 933 582 speciosus
956 529 1010 584 per
1031 530 1127 568 nemea
1150 522 1174 567 et
1196 514 1337 570 attentata·
1358 510 1505 568 elacata

368 616 538 687 tatetmm,·
579 614 615 673 ci.
640 614 870 693 Nipperdejum,
894 615 1044 675 stlocum
1067 635 1107 675 ex
1129 615 1200 677 dial.
1223 618 1279 678 36:
1301 621 1369 692 pta
1388 619 1505 676 notitiae

369 741 403 778 oc
424 725 541 780 nominis
556 728 636 797 amad
655 727 886 798 perceperam.
909 729 939 783 tt
959 728 1100 799 clientelis,
1134 728 1217 784 etiam
1237 735 1391 784 ammarum
1411 726 1504 784 aetio·

368 850 433 887 uma
453 835 659 904 redundabant,
682 831 733 910 qui
755 831 847 890 etiam
869 832 979 892 Rothio
1002 831 1207 893 dubitationes
1230 831 1325 893 movit
1346 831 1384 892 de
1407 831 1503 910 expli-

361 937 485 995 catione
508 955 571 996 sua.
596 971 633 980 „.
660 937 714 1010 IV,
738 938 795 998 53:
822 943 985 1015 Ayrs'ppmc
1004 971 1042 984 -·-
1068 943 1204 998 inuidiam
1224 952 1251 1000 ct
1265 961 1363 1016 precer
1383 942 1504 1011 orditm,

367 1041 397 1104 h.
413 1060 447 1101 e:
471 1043 606 1103 convicia
616 1053 646 1102 et
657 1062 762 1122 preces
773 1045 942 1125 miscuerat,
966 1045 1110 1106 atridere
1133 1056 1238 1108 estex
1258 1047 1339 1108 Ann.
1362 1046 1423 1119 111,
1446 1049 1504 1106 67:

367 1153 503 1210 codicillis
533 1156 630 1226 ocimu
650 1155 788 1212 inuidiam
810 1166 835 1212 et
858 1174 956 1228 preces
993 1159 1148 1224 marcuerat,
1186 1154 1237 1215 ubi
1267 1153 1383 1214 confert
1405 1152 1504 1214 adhuc

369 1257 501 1318 Orellins
509 1259 598 1333 XVI,
611 1261 667 1320 10:
686 1264 849 1320 immotum
867 1284 896 1321 ec
917 1266 1043 1335 precetur
1064 1274 1090 1322 et
1110 1265 1224 1322 incidas
1242 1265 1505 1336 domnamaria.—

366 1365 457 1438 XIII,
483 1367 538 1426 18:
568 1372 652 1442 quani
683 1381 826 1442 quaereret
853 1374 949 1428 dacem
964 1382 990 1428 et
1016 1381 1124 1445 pmtea,
1154 1369 1259 1429 ducem
1296 1389 1312 1428 s
1343 1368 1504 1440 nobilibus,

366 1483 468 1554 partes
490 1475 571 1554 apud
600 1469 735 1537 tribunos
758 1487 788 1536 et
809 1479 1010 1551 centuriones,
1042 1485 1077 1537 nt
1099 1485 1181 1538 recte
1205 1479 1345 1558 opinatur
1365 1476 1505 1536 Walthe·

369 1599 431 1640 rue.
454 1615 495 1624 —
518 1581 606 1655 XIV,
636 1585 693 1642 27:
730 1595 760 1640 ut
781 1605 911 1642 coementa
937 1595 962 1642 ct
991 1588 1110 1644 emitote
1136 1587 1333 1659 rempublicam
1355 1589 1503 1657 efficerem,

369 1687 407 1746 cf.
433 1685 589 1748 Orellium.
610 1721 654 1733 -
676 1689 757 1751 Ilist.
781 1688 806 1759 I,
831 1690 866 1749 5:
897 1703 957 1750 arte
978 1696 1067 1766 cannia
1088 1704 1113 1751 et
1135 1695 1256 1767 impulsu
1278 1689 1347 1749 vide
1369 1689 1503 1750 walthe-

371 1814 447 1858 rum.
472 1829 510 1836 —
534 1795 610 1870 Agr.
636 1799 689 1856 10:
712 1801 805 1872 spatio
828 1819 862 1856 cc
883 1802 957 1858 coelo
981 1797 1068 1859 docto
1092 1818 1124 1858 cr
1146 1796 1278 1878 explieat
1300 1796 1438 1856 Wexius.

452 1902 571 1962 Deinde
600 1914 765 1984 sequuntur
783 1909 953 1981 juncturae,
981 1906 1012 1964 in
1034 1907 1141 1986 quibus
1161 1907 1298 1965 notiones
1321 1905 1503 1964 seinvicem

366 2010 520 2072 illustrant
552 2019 643 2092 atque
681 2012 819 2086 efferunt,
859 2012 988 2093 ideoque
1017 2013 1054 2074 de
1094 2013 1338 2074 subordinatione
1373 2012 1503 2093 quadam

365 2121 491 2196 cogitari
513 2139 574 2178 non
600 2118 699 2180 debet.
744 2121 830 2180 Haec
861 2121 979 2181 dicendi
1002 2122 1187 2182 consuetudo
1211 2141 1270 2201 quo
1293 2121 1409 2192 abierit,
1439 2123 1504 2199 jam

350 2247 458 2306 ,snpra
479 2247 519 2286 ex
541 2228 746 2306 implicatione
770 2229 935 2302 notionum,
968 2249 1057 2310 quam
1080 2230 1255 2289 vocavimus
1270 2230 1426 2311 apparuit,
1449 2249 1504 2289 nec

367 2337 455 2397 aliter
478 2355 511 2395 ee
534 2336 656 2420 habent,
690 2357 768 2417 quae
790 2338 930 2415 leguntur
953 2339 1035 2400 Hist.
1057 2338 1099 2411 11,
1123 2341 1179 2398 20:
1214 2359 1382 2413 quamquem
1402 2343 1507 2412 instent

365 2465 433 2520 emto
455 2455 581 2518 meoque
602 2449 751 2520 vetamur,
781 2445 833 2505 ubi
856 2445 914 2506 duo
938 2445 1103 2518 edicuntur,
1134 2445 1242 2524 quibus
1270 2464 1364 2525 equus
1387 2443 1503 2504 effulse-
1595 2455 1596 2464 ¹

364 2553 417 2611 rit:
449 2550 539 2611 decor
568 2551 659 2614 totius
687 2551 806 2612 habitus
838 2560 869 2612 et
898 2554 1014 2632 species
1038 2553 1121 2614 ostri.
1166 2550 1228 2611 Sed
1254 2552 1414 2612 usitatiora
1428 2559 1503 2629 ,sunt
1596 2620 1597 2625 η

365 2658 507 2737 exempla
528 2668 561 2717 ut
582 2659 663 2718 Ann.
685 2659 708 2730 1,
733 2659 790 2720 58:
803 2633 882 2731 ιΜετ’
902 2671 927 2718 ct
949 2664 1120 2720 cocatmtticc
1141 2663 1209 2733 dice,
1232 2677 1309 2738 qnae
1332 2658 1426 2718 verba
1443 2661 1502 2736 sig·

365 2766 486 2825 nificant
509 2773 555 2824 et:
578 2766 916 2842 treueBestttndigkcit,
939 2775 983 2825 et:
1007 2766 1184 2842 besttndige
1208 2758 1324 2838 Tren‘e,·
1344 2765 1424 2826 Ann¹
1447 2766 1502 2839 111,

367 2873 422 2931 74:
444 2877 549 2946 quadiu
576 2885 601 2932 ct
628 2877 748 2947 impetu:
787 2880 965 2948 ungeetttme
995 2872 1125 2943 Frende,
1160 2880 1205 2934 et:
1226 2871 1380 2948 fraudiger
1402 2873 1501 2948 Unge-

365 2986 454 3040 sttim.
497 2979 577 3040 Anu.
599 2980 624 3053 I,
649 2982 708 3041 68:
739 2985 859 3041 cimnorc
880 2994 906 3041 et
926 2985 1039 3057 inmota.
1084 2981 1166 3042 Hist.
1188 2980 1231 3052 ΙΙ,
1256 2983 1312 3040 7οῑ
1335 2985 1455 3042 emanere
1476 2995 1502 3042 ot

363 3093 475 3161 quadie.
507 3087 564 3163 IV,
589 3089 646 3166 493
667 3094 773 3164 coactio
795 3094 1020 3165 clamoribusque.
1060 3090 1117 3162 IV,
1141 3091 1197 3149 53:
1219 3092 1311 3150 studio
1332 3093 1502 3166 laetitiaque.

452 3195 500 3254 De
523 3194 625 3254 multis
647 3194 719 3255 locis
741 3197 771 3256 in
791 3216 857 3275 cap.
879 3196 896 3255 1
919 3198 975 3272 egi,
999 3215 1074 3277 qnos
1097 3197 1147 3256 alii
1170 3196 1256 3256 aliter
1277 3195 1502 3270 intellexerunt,

364 3324 490 3384 quornm
511 3312 613 3363 tamen
635 3306 798 3364 sententias
822 3324 925 3365 omnes
948 3304 1084 3364 conferre
1108 3306 1230 3382 longum
1253 3303 1421 3365 videbatur.
1455 3305 1502 3366 Ac

364 3420 429 3472 tota
445 3413 580 3492 quaestio
604 3411 642 3472 de
665 3414 710 3487 iis,
733 3433 810 3494 qnae
834 3434 853 3472 a
874 3415 980 3474 Tacito
1004 3413 1193 3493 perfiguram
1207 3412 1297 3474 hend.
1321 3413 1501 3488 dictasunt,

364 3540 474 3581 novam
487 3529 561 3600 puto
576 3520 681 3581 induet
692 3521 810 3595 faciem,
833 3541 924 3602 quum
946 3522 1027 3582 unde
1041 3529 1147 3580 exorta
1169 3523 1208 3581 sit
1220 3521 1274 3580 illa
1296 3527 1327 3580 et
1348 3520 1500 3600 quomodo

364 3647 431 3688 cum
465 3628 583 3706 vulgari
611 3629 828 3689 consuetudine
850 3628 970 3689 dicendi
998 3628 1161 3688 cohaereat
1189 3620 1355 3688 accuratius
1378 3627 1500 3688 demon·

363 3744 489 3798 stratum
512 3738 560 3796 sit.
603 3738 706 3797 Pauca
734 3744 851 3798 tanturn
873 3745 989 3797 restant
1011 3738 1174 3810 enuntiata,
1205 3735 1244 3798 de
1265 3735 1426 3816 quibusin
1448 3756 1500 3796 ex-

363 3856 461 3904 trema
482 3843 690 3923 disputatione
707 3843 829 3904 brevem
853 3845 1034 3905 mentionem
1058 3845 1180 3922 injicere
1203 3843 1300 3903 liceat.

451 3951 532 4010 Hiar.
553 3951 577 4025 Ι,
601 3951 642 4012 50
664 3973 719 4010 noe
739 3963 850 4010 scemate
869 3957 998 4011 modoet
1019 3973 1106 4028 corma,
1135 3955 1197 4026 qais
1219 3953 1329 4025 adquin
1355 3971 1444 4025 pura
1467 3963 1500 4010 et

364 4079 450 4116 cura
469 4062 639 4134 reipublicae
659 4064 709 4117 aed
729 4062 824 4133 uolnus
846 4079 952 4133 ortoque
969 4063 1071 4134 polam
1091 4077 1220 4117 maerere.
1249 4056 1349 4116 Locus
1371 4056 1410 4116 ab
1432 4057 1500 4117 aliis

363 4164 450 4225 aliter
471 4165 652 4226 intellectus.
697 4165 806 4226 Statim
829 4164 910 4246 qnod
932 4165 1006 4225 mihi
1024 4164 1144 4225 videtur
1166 4164 1326 4243 proferam.
1362 4163 1500 4242 Estpars

363 4271 548 4350 reipublicae
569 4275 605 4333 iis
627 4293 720 4354 penes
743 4292 818 4354 quos
841 4281 911 4333 sunt
931 4275 1125 4350 magistratus
1148 4282 1178 4333 et
1194 4279 1370 4353 potestates,
1393 4279 1425 4331 et
1446 4271 1498 4332 eli·

364 4379 512 4457 gebantur
535 4382 566 4441 hi
588 4383 719 4444 maxime
741 4403 780 4444 ex
801 4383 959 4443 senatoriis
981 4382 1054 4442 viris
1077 4390 1168 4462 atque
1191 4379 1350 4462 equitibus.
1378 4379 1498 4442 Horum

364 4489 456 4566 igitur
486 4483 645 4567 plurimum
688 4491 840 4562 intererat,
869 4491 935 4570 qnis
961 4491 1088 4569 imperio
1119 4489 1303 4567 fungeretur,
1339 4507 1429 4568 quum
1458 4508 1497 4550 ex
