3196 5270
853 309 896 368 44

315 478 448 540 maxima
470 477 582 538 inesset
602 475 663 556 vis;
687 477 779 538 verba
801 486 919 540 eutem:
950 478 1134 551 trarrrfiipdea
1155 507 1199 518 -
1214 477 1309 546 fidam
1338 477 1370 531 et
1398 488 1455 551 quo

314 584 485 662 pertineant
507 580 665 644 difficiliter
686 583 892 661 intelligatur,
915 592 946 645 et
968 585 994 644 si
1016 582 1140 643 tandem
1161 579 1338 656 intelligitur
1352 597 1456 658 parum

315 707 352 747 ea
373 689 531 765 gravitatis
551 686 701 771 habeant,
732 690 872 770 equidem
895 709 1021 765 censeo,
1054 688 1164 762 verba,
1194 697 1277 760 mque
1298 687 1455 744 ·-·omcia
1562 687 1563 696 ¹

313 799 383 871 post
404 797 508 852 ectollr‘i
533 795 693 855 inserenda
715 815 791 857 esse.
841 796 931 856 Unde
964 795 1089 858 efficitur
1119 793 1265 872 primum,
1296 799 1330 850 ut
1359 789 1456 848 omnia

314 895 444 958 dilucida
466 899 651 977 procedant,
686 903 796 963 deindo
818 911 851 963 ut
874 901 951 961 duae
974 900 1143 960 sententiae
1174 898 1343 958 contrariae
1365 895 1455 975 parti·

313 999 380 1058 cula
403 1012 485 1074 atquc
508 1001 564 1062 sibi
586 1015 777 1086 opponantur
798 1026 920 1088 prorsus
942 1026 981 1067 ex
1005 1004 1221 1066 consuetudine
1243 1003 1396 1062 Tacitina.
1415 1035 1456 1048 —

315 1103 456 1164 Ceterum
480 1126 518 1167 ne
540 1130 607 1170 meo
631 1111 776 1172 beneficio
808 1112 845 1174 de
879 1133 937 1174 usu
968 1111 1100 1193 quodam
1131 1109 1261 1169 tacuisse
1294 1105 1456 1178 insimulor,
1562 1147 1563 1182 ,

313 1210 367 1288 qui
388 1218 493 1270 contra
523 1213 579 1274 hoc
606 1217 753 1295 judicium
775 1215 902 1296 prolerri
931 1216 1043 1294 possit,
1073 1215 1140 1292 ipse
1166 1214 1266 1273 fateor
1296 1210 1456 1292 aliquando

315 1327 397 1390 mque
419 1316 562 1394 adhiberi,
585 1330 618 1381 ut
640 1323 670 1381 iu
694 1323 798 1384 ordine
820 1321 1037 1395 membrorum,
1068 1338 1147 1399 quae
1170 1315 1339 1390 ἄσυνδέτως
1361 1336 1394 1375 se
1414 1317 1456 1375 in-

314 1431 494 1505 sequantur,
516 1436 699 1504 postremum
723 1427 887 1488 membrum
911 1427 1053 1486 adnectat
1069 1425 1285 1502 significatione
1302 1437 1328 1484 et
1342 1427 1457 1484 omnino.

316 1530 366 1590 Sic
387 1531 470 1592 Hist.
492 1531 536 1607 II,
560 1537 618 1595 27:
648 1539 778 1594 coercitos
799 1557 818 1592 o
837 1556 866 1593 re
887 1539 1170 1608 quartodecimanos,
1200 1536 1327 1590 oblatam
1356 1533 1460 1590 Neroni

315 1640 448 1712 Italiam,
470 1649 552 1713 atque
573 1662 677 1699 omnem
698 1645 764 1700 beili
776 1649 926 1715 sor-tonora
945 1644 976 1698 irc
997 1643 1120 1715 ipsorum
1141 1659 1226 1696 maire
1246 1641 1332 1696 uitam
1346 1641 1459 1710 jactan-

316 1753 362 1800 tes.
406 1744 520 1803 Verum
542 1765 601 1806 non
624 1754 727 1804 contra
749 1746 828 1806 hunc
849 1765 937 1807 usum
959 1748 989 1806 in
1011 1747 1185 1807 universum
1208 1742 1379 1822 disputavi,
1406 1739 1458 1801 sed

317 1850 563 1927 compositionem
595 1851 770 1929 impugnavi
800 1855 1031 1913 enuntiatorum.
1089 1853 1140 1910 Ex
1168 1849 1314 1910 sermonis
1343 1848 1458 1928 legibus

317 1960 349 2010 et
369 1952 417 2012 hic
439 1962 470 2014 et
490 1955 542 2014 ille
565 1973 636 2014 usus
657 1954 824 2032 particulae
847 1955 969 2033 probari
989 1963 1101 2036 potest.

403 2061 434 2123 3.
477 2060 697 2137 Disjuuctivam
722 2060 873 2140 quandam
893 2064 968 2140 ⁸vim
995 2060 1174 2140 particulam
1207 2074 1291 2139 atquc
1319 2061 1459 2122 exhibere

315 2183 405 2243 posse
428 2185 467 2226 ax
489 2168 556 2246 ipsa
577 2166 666 2244 hujus
687 2167 814 2227 voculae
835 2175 943 2227 natura
964 2161 1052 2224 facila
1073 2164 1207 2241 colligas.
1251 2167 1294 2226 lit
1309 2168 1460 2227 invenitur

317 2269 399 2348 apud
420 2271 458 2330 Τ.
480 2273 657 2351 saepissime
678 2274 703 2332 si
725 2272 949 2350 distinguuntur
971 2269 1020 2329 vel
1040 2280 1218 2348 separantur
1249 2271 1331 2334 duae
1363 2273 1459 2332 notio·

318 2395 380 2436 nes.
425 2376 501 2456 Agr.
517 2381 551 2438 3:
569 2383 761 2454 principatum
776 2401 810 2438 ac
827 2383 981 2438 libertatem
994 2383 1051 2451 (res
1066 2381 1131 2436 oiim
1142 2380 1403 2451 diraocicbiim).—
1423 2380 1458 2437 o:
1562 2421 1563 2448 ,

317 2487 434 2544 iuter
455 2499 633 2561 quantarum
655 2509 698 2546 ac
719 2492 894 2546 tribrmotrim.
941 2488 998 2546 24:
1020 2489 1119 2543 iuter
1134 2489 1330 2547 Brittanniam
1351 2499 1459 2560 atque

317 2595 488 2666 Hispaniam
508 2599 571 2653 uita.
615 2594 696 2653 Hist.
718 2592 763 2668 ΙΙ,
790 2594 846 2652 14:
879 2603 1012 2666 quomam
1041 2595 1113 2650 inter
1133 2595 1215 2651 colias
1237 2613 1272 2649 ac
1292 2597 1360 2652 iiius
1380 2595 1461 2666 aequi

319 2701 381 2757 loci.
426 2698 530 2760 Germ.
558 2703 619 2762 20:
652 2705 793 2761 domicum
822 2720 864 2757 ac
896 2720 1004 2758 amcam
1035 2702 1120 2756 ouilia
1153 2702 1326 2757 educationis
1353 2703 1460 2758 adelidis

319 2809 528 2878 dipooseae.
572 2807 647 2884 Agr.
672 2809 733 2866 12:
754 2813 887 2880 atfiriem
909 2818 1028 2880 atque
1057 2809 1167 2864 initium
1194 2809 1264 2864 iaicis
1285 2811 1382 2881 cariquc
1404 2810 1459 2864 die·

318 2914 432 2970 crimine
452 2916 694 2973 internosces.
741 2911 788 2974 Of.
813 2912 894 2972 Hist.
911 2910 954 2984 ΙΙ,
971 2912 1020 2971 79.
1042 2910 1094 2983 ΙΙΙ,
1111 2911 1151 2969 42
1170 2907 1206 2988 ¹).
1253 2889 1340 2972 Unde
1362 2913 1458 2992 sequi·

318 3024 367 3075 tur
388 3017 478 3076 ctiam
502 3021 640 3080 notiones
662 3018 826 3078 contrarias
856 3018 969 3096 optime
997 3035 1053 3096 per
1081 3028 1164 3091 atqie
1193 3019 1352 3097 conjungi,
1384 3037 1460 3099 quae

320 3121 358 3181 ad
385 3142 573 3184 communem
602 3144 666 3184 rem
693 3123 883 3203 pertineant:
917 3123 998 3185 Hist.
1021 3123 1116 3198 11,5:
1148 3134 1253 3184 natura
1281 3136 1364 3199 aqna
1393 3135 1459 3184 crte.

319 3227 380 3288 Nec
401 3250 470 3289 raro
492 3229 608 3292 accedit
627 3229 776 3309 particula
798 3227 837 3287 ad
860 3227 1107 3306 significationem
1129 3248 1221 3308 quam
1241 3230 1389 3308 praebent
1409 3249 1458 3288 vo-

318 3333 419 3395 culae:
443 3348 469 3394 ct
490 3372 530 3380 -
554 3349 594 3410 et,
615 3337 665 3396 vel
688 3357 771 3410 qcion
792 3367 836 3380 --
858 3347 930 3408 tam,
964 3341 998 3394 ut
1024 3341 1106 3392 recte
1136 3342 1237 3393 monet
1269 3335 1409 3395 Haudius
1436 3333 1459 3413 l,

320 3442 384 3500 460
411 3460 495 3522 seq.:
517 3442 591 3520 Agr.
616 3445 651 3504 3:
681 3463 729 3501 nec
750 3454 842 3501 tumere
865 3445 972 3516 pigebit
1001 3445 1161 3500 memoriam
1185 3446 1291 3516 prioris
1322 3445 1460 3503 servitutis

318 3566 353 3604 ac
373 3551 554 3606 testimonium
571 3531 761 3622 praesentirem
780 3553 910 3606 honorico
930 3552 1118 3622 conpromisso.
1250 3555 1253 3563 '

404 3655 434 3712 4.
480 3653 730 3714 consecutionem
759 3673 847 3732 quam
877 3653 1048 3712 interiorem
1071 3653 1243 3712 vocaverim
1274 3653 1356 3714 hisce
1388 3654 1459 3713 locis

317 3777 493 3838 cognoscas.
537 3759 617 3820 Anu.
641 3759 667 3832 Ι,
692 3761 749 3818 12:
783 3780 868 3818 aaron
889 3780 945 3818 caea
966 3780 1066 3834 corpus
1086 3762 1255 3832 reipublicae
1277 3770 1360 3834 cique
1380 3761 1460 3818 unica

318 3869 411 3926 animo
430 3871 585 3940 rependam.
632 3866 656 3948 l,
681 3867 740 3926 35:
771 3887 883 3926 raecum
901 3869 934 3923 id
955 3867 1077 3939 malique
1096 3868 1181 3924 morra
1202 3868 1286 3924 ctiam
1301 3869 1459 3940 poenibus

392 4073 418 4138 1)
437 4073 484 4123 Sed
501 4080 563 4138 putet
581 4081 604 4124 st
620 4074 657 4124 hic
674 4089 727 4124 esse
746 4088 818 4137 penes
837 4073 986 4137 scriptorem,
1011 4088 1079 4136 quem
1104 4074 1237 4137 particulam
1265 4075 1319 4124 velit
1341 4087 1458 4137 usurpare.

320 4164 378 4214 llist.
395 4164 414 4227 l,
434 4164 481 4216 89:
499 4167 567 4217 inter
584 4166 694 4234 ispiciens
713 4167 866 4234 deuiasque.
901 4165 930 4227 ll,
950 4164 982 4215 2:
1006 4165 1073 4216 inter
1095 4182 1165 4234 rpem
1190 4163 1335 4233 metumque.
1385 4167 1458 4214 luter·

319 4257 374 4305 duur
392 4256 548 4322 poniturque
565 4258 679 4308 varietatis
697 4269 793 4308 caussa:
819 4258 895 4308 Germ.
915 4255 964 4307 46:
984 4257 1104 4324 quicquid
1119 4258 1185 4308 ister
1203 4257 1327 4309 Peucinos
1345 4257 1459 4307 Francu-

320 4362 366 4414 qae
388 4345 510 4397 curarem
527 4363 560 4398 cc
578 4349 699 4400 montium
717 4351 828 4417 cripimr.
873 4349 959 4415 Ubique
981 4350 1049 4400 atum
1074 4358 1097 4400 et
1121 4349 1197 4399 locum
1225 4351 1322 4411 habere,
1351 4362 1398 4398 non
1423 4352 1457 4395 est

320 4441 381 4503 quod
399 4453 513 4490 moneam.
549 4440 607 4490 liist.
635 4443 652 4504 l,
677 4442 717 4492 19.
736 4441 779 4493 64.
