3196 5270
913 316 952 373 68

356 483 475 559 gionem
488 476 674 561 pertineret,
695 503 818 563 prorsus
842 502 1101 563 supervacaneum
1123 491 1219 558 esset,
1243 484 1382 564 quoniam
1404 483 1494 555 iniis,

358 607 435 668 quae
464 591 601 667 proxime
626 589 809 650 antecedunt
831 597 1000 662 enarratur,
1033 590 1229 650 ePannonia
1268 611 1335 651 eam
1364 590 1493 650 Romam
1593 643 1594 680 ,

357 713 462 754 versus
485 696 577 756 fuisse
599 697 630 755 in
650 697 767 756 itinere.
811 695 946 774 Respicit
968 697 1068 776 potius
1090 697 1230 756 Pisonem
1253 699 1370 778 ipsum,
1393 704 1428 755 ut
1449 696 1494 753 in·
1593 697 1594 718 ¹

359 799 475 861 dicetur
504 821 572 862 eum
595 803 739 862 Narniam
762 822 857 881 usque
888 822 949 862 una
971 823 1038 863 cum
1061 803 1179 879 legione
1201 803 1260 863 iter
1282 803 1400 863 fecisse.
1444 799 1496 858 Ita

359 907 418 967 duo
447 918 532 983 sunt,
559 908 694 990 quaeda
724 927 759 968 eo
783 908 957 969 edicuntur:
987 930 1054 970 sese
1083 909 1247 970 ostentavit
1269 917 1300 968 et
1322 909 1352 966 in
1374 907 1497 984 agmine

359 1023 390 1074 et
418 1016 449 1074 in
471 1017 588 1076 itinere.
631 1015 761 1076 Accedit
783 1015 904 1094 quidem
935 1018 1064 1077 alterum
1087 1016 1259 1097 explicandi
1288 1035 1403 1075 caussa.
1450 1013 1497 1070 Ac

357 1125 384 1192 si
406 1124 472 1203 quis
494 1144 605 1184 nexum
634 1125 787 1184 notionum
813 1124 959 1185 vertendo
981 1127 1109 1205 exprimi
1131 1125 1213 1198 vult,
1240 1125 1284 1184 ita
1305 1123 1369 1183 fero
1393 1121 1498 1182 dicen·
1594 1189 1595 1204 χ

359 1231 514 1292 domest:
546 1233 601 1292 auf
631 1232 698 1292 dem
723 1233 820 1308 Wege
843 1231 901 1292 den
934 1251 966 1292 er
991 1235 1045 1293 mit
1068 1233 1136 1293 dem
1159 1234 1353 1307 Heeresauge
1379 1250 1497 1290 zusam—
1594 1207 1595 1230 ³

359 1358 426 1398 men
449 1339 579 1399 machte.

445 1447 523 1506 Anu.
545 1446 603 1517 ΙΙΙ,
628 1448 687 1505 17:
706 1468 761 1519 pro
781 1450 922 1504 Plancina
951 1468 1011 1504 cusu
1035 1453 1146 1520 pudore
1173 1459 1199 1505 et
1216 1450 1328 1521 flapitio
1356 1449 1498 1503 disceruit.

359 1555 519 1614 Assentior
530 1552 652 1625 Rotbio,
675 1555 726 1632 qui
748 1553 896 1632 explicet:
918 1553 1033 1632 pudore
1055 1553 1171 1632 fiagitii.
1214 1555 1293 1613 Nam
1316 1544 1397 1633 quod
1411 1549 1497 1611 Orel·
1595 1575 1596 1584 ¹

360 1665 417 1723 lius
439 1662 595 1741 proponit:
628 1660 744 1740 pudore
767 1681 855 1740 quem
885 1665 950 1742 ipse
980 1663 1062 1721 vocis
1085 1663 1164 1722 flexu
1187 1661 1353 1740 prodebat,
1383 1660 1498 1736 flagitio
1595 1649 1596 1666 ¹

360 1770 443 1850 apud
464 1779 630 1844 senatores,
658 1771 709 1849 qui
729 1770 806 1830 hanc
828 1771 991 1832 Plancinae
1017 1771 1221 1831 defensionem
1244 1779 1277 1829 ut
1297 1770 1433 1849 principe
1456 1769 1500 1827 in·

361 1879 481 1958 dignam
505 1879 699 1940 destabantur
723 1911 761 1923 ·—
784 1878 816 1937 id
839 1881 974 1939 veritatis
996 1880 1127 1956 speciem
1150 1877 1262 1937 nullam
1285 1894 1408 1955 praese
1429 1876 1498 1942 lert.

362 1989 432 2068 quia
448 1992 589 2062 stopitium
611 1986 692 2066 apud
714 1986 752 2046 Τ.
770 2007 829 2047 uon
852 1987 999 2064 significat
1022 1987 1102 2047 idem
1126 2006 1161 2045 ac
1177 1994 1328 2046 nostrum:
1352 1983 1500 2058 Subando,

362 2094 415 2154 sed
447 2111 584 2173 semper:
616 2091 812 2153 Sobandtbat.
826 2089 850 2174 ¹)
895 2093 945 2153 Sic
968 2095 1058 2154 etiam
1081 2095 1162 2152 Hist.
1185 2094 1248 2167 111,
1271 2093 1333 2152 34:
1364 2096 1502 2152 Arctantur

358 2207 468 2276 poam
483 2205 591 2275 uuest
612 2195 705 2276 cerff)
730 2233 772 2242 -

448 2308 529 2368 Anu.
550 2308 610 2382 III,
632 2309 692 2367 55:
714 2311 869 2382 obsequiani
891 2312 957 2365 iude
978 2311 1008 2364 iu
1025 2311 1182 2381 principem
1204 2319 1230 2365 et
1240 2309 1403 2364 aemulandi
1423 2325 1502 2362 umor
1596 2301 1597 2304 '

363 2422 487 2477 uutidim
515 2439 599 2492 quom
631 2437 725 2492 poena
758 2437 791 2474 eu
811 2419 915 2490 uersu
946 2427 971 2474 et
1003 2427 1099 2473 muer.
1151 2415 1325 2475 Afferuntur
1357 2412 1501 2482 remedia,

364 2543 441 2605 qnae
463 2525 567 2585 luxum
589 2525 728 2584 retinent.
771 2523 818 2583 Ne
840 2522 947 2583 vitium
961 2522 1112 2604 quoddam
1135 2523 1336 2582 committatur
1358 2541 1419 2580 non
1434 2539 1502 2599 pro·

365 2633 448 2694 bibet
469 2651 585 2710 poena,
620 2632 681 2700 sed¹
697 2642 795 2691 metus
819 2650 947 2710 poenae.
990 2631 1147 2690 Dissectae
1169 2651 1241 2690 vcro
1264 2638 1334 2689 sunt
1356 2631 1503 2701 notiones,

366 2749 399 2799 ut
419 2751 505 2799 meua
527 2749 558 2798 et
579 2760 658 2798 umor
679 2737 735 2798 sibi
759 2738 927 2798 distinctius
958 2738 1169 2817 respondeant.
1213 2739 1316 2818 Atque
1347 2741 1505 2811 obsequium

366 2859 492 2928 quoqne¹
519 2855 549 2907 et
571 2851 832 2906 amoenorum
862 2857 944 2906 arcte
966 2846 1137 2905 cobserent.
1180 2847 1261 2906 Nam
1294 2844 1401 2905 dicitur
1430 2851 1504 2904 otre-

366 2960 477 3035 puium,
510 2955 582 3035 quia
603 2962 712 3035 sponte
735 2963 765 3013 et
787 2954 870 3013 nullo
900 2965 1025 3031 cogente
1047 2955 1151 3014 luxum
1174 2955 1351 3029 omiserunt3
1373 2953 1430 3012 boc
1451 2974 1504 3014 au·

367 3075 428 3123 tem
452 3064 569 3136 evenit,
600 3061 681 3142 quod
703 3061 809 3148 volgus
833 3063 953 3121 omnino
977 3071 1023 3120 est
1044 3080 1170 3139 pronum
1193 3061 1232 3121 ad
1255 3060 1435 3124 aemulanda
1458 3080 1504 3134 ea,

368 3189 445 3251 quae
467 3189 486 3228 a
506 3168 687 3248 principibus
711 3169 772 3227 suis
794 3169 859 3243 fieri
882 3167 974 3227 videt.

409 3299 420 3328 t
454 3278 535 3337 Ann.
557 3277 632 3358 XII,
656 3261 717 3336 421¹
733 3289 865 3352 carperuo
887 3281 1053 3352 Capitolium
1073 3281 1200 3350 iupredi,
1231 3281 1280 3350 qui
1300 3283 1383 3337 borma
1413 3299 1505 3336 auom-

368 3392 477 3447 dotilau
498 3399 524 3444 et
544 3390 633 3445 eum-iu
653 3391 805 3461 eumcum
826 3408 979 3462 couceauu,
1005 3389 1205 3444 ammianum
1238 3391 1356 3459 aupebut
1369 3390 1505 3459 feminee.

368 3495 484 3568 Honos,
507 3502 541 3552 ut
562 3500 662 3572 patet,
692 3513 752 3552 non
775 3494 866 3553 sacris
889 3494 943 3552 sed
966 3491 1171 3553 sacerdotibus
1202 3491 1305 3553 baberi
1326 3502 1447 3571 poterat
1469 3513 1506 3553 eo

369 3600 450 3680 qood
472 3619 533 3659 una
564 3620 631 3659 cum
655 3600 746 3660 sacris
768 3609 910 3678 carpento
932 3598 1113 3679 Capitolium
1135 3599 1388 3675 ingrediebantur.
1431 3601 1506 3679 Nip-

294 3761 296 3766 .
369 3709 512 3790 perdejus
545 3718 576 3767 et
604 3710 745 3768 Hmeus
774 3718 954 3768 conservent
988 3708 1146 3769 lectionem
1169 3708 1298 3788 codicis,
1330 3708 1379 3788 qui
1414 3707 1508 3770 babet

444 3905 470 3968 1)
489 3907 518 3955 ci.
537 3919 595 3968 quae
614 3911 755 3968 exponentur
773 3920 823 3969 cap.
841 3906 885 3957 ΙΙΙ.
902 3929 936 3941 -

444 3996 473 4061 2)
494 3997 625 4060 Muellerus,
644 3996 682 4060 qui
701 3997 795 4046 omnino
814 3997 977 4061 paulloacrius
996 3998 1019 4047 in
1036 3997 1225 4048 Rotbiuminvebi
1243 3994 1397 4048 mibividatur
1414 4003 1438 4044 et
1456 3995 1507 4044 sine

370 4092 431 4151 juste
450 4105 538 4152 caussa,
557 4090 674 4140 contendit
692 4093 756 4153 (pag.
771 4089 835 4154 309)
853 4091 1025 4154 explicationem
1034 4091 1110 4141 Rothii
1128 4105 1222 4140 sensum
1241 4089 1335 4139 tundere
1351 4088 1508 4149 falsissimum,

371 4182 423 4245 quie
441 4181 464 4231 in
481 4183 510 4231 iis
522 4198 581 4247 qnae
599 4185 864 4246 sequanturreieratnr,
887 4193 1007 4235 senatores
1020 4184 1150 4247 indignatos
1168 4199 1220 4233 esse
1237 4182 1451 4247 impudentiam
1470 4183 1511 4232 Ti-

370 4274 435 4323 berii
471 4275 538 4333 Quod
562 4275 624 4326 unde
644 4279 776 4340 cognoverit
800 4279 834 4328 vir
851 4279 945 4341 doctus,
970 4294 1007 4328 me
1025 4278 1118 4343 quidem
1138 4279 1199 4328 latet.
1235 4277 1267 4326 tc
1289 4277 1309 4328 si
1332 4275 1415 4340 probat
1431 4275 1509 4325 Oreltii

371 4367 506 4416 senteutiam
525 4394 559 4406 -
578 4371 664 4420 etenim
683 4386 732 4420 eum
751 4387 819 4436 quam
838 4373 887 4436 ipse
906 4375 991 4437 profert
1010 4374 1127 4424 mittamus
1147 4397 1181 4408 -
1200 4369 1314 4433 quomodo
1332 4377 1387 4418 tnnc
1403 4368 1509 4430 intelligit

309 4464 313 4474 ·
371 4455 503 4506 vocabulum
521 4456 624 4523 pudor?
