3196 5270
372 517 492 558 sensum
514 519 576 558 non
605 497 744 578 praebet,
778 471 833 558 nisi
855 497 1055 578 explicamus:
1086 499 1145 575 jam
1173 499 1375 576 praecesserat
1396 501 1501 563 terror,

372 625 463 685 quum
485 604 573 666 datae
603 606 641 666 ad
661 606 692 666 id
712 607 792 666 uires
814 613 893 666 sunt.
945 602 1030 678 Quae
1058 623 1104 664 res
1136 604 1257 683 majoris
1284 601 1426 662 momenti
1447 607 1502 672 est,

371 715 441 794 quia
461 713 601 774 Handius
634 715 738 791 (Ture.
757 714 795 787 Π,
817 733 885 793 pag.
910 707 989 796 483)
1010 713 1064 772 sic
1090 725 1116 770 et
1142 731 1231 791 posse
1259 711 1396 790 usurpari
1416 727 1500 788 pror-

370 842 422 882 sus
443 823 573 900 negavit,
596 841 701 900 neque,
724 817 805 900 quod
828 821 934 893 scium,
956 818 1053 879 adhuc
1073 819 1152 880 ullus
1174 820 1201 880 ei
1222 797 1390 898 repugnare
1411 835 1501 876 ausus

371 935 426 988 est.
469 927 572 1007 Atque
592 928 700 1006 injuria
720 927 746 987 is
767 927 927 987 Trillerum
949 945 1062 987 errasse
1083 925 1169 1002 dicit,
1192 927 1295 1006 quiin
1317 924 1441 1004 epistola
1462 922 1503 982 sd

370 1034 506 1096 Cortium
516 1031 541 1116 1)
573 1035 735 1095 rectissime
763 1032 802 1094 de
825 1034 883 1094 hoc
912 1034 978 1094 loeo
1007 1034 1118 1094 Lucan.
1146 1034 1176 1108 1,
1208 1035 1286 1093 231:
1333 1038 1504 1108 timeumque

372 1149 466 1204 miano
498 1148 608 1203 iaoods't
628 1147 798 1216 Ammimam,
836 1149 873 1202 et
894 1146 969 1217 ipses
1001 1146 1076 1202 Solis
1104 1146 1220 1216 lucifero
1243 1145 1391 1215 sopicbmrt
1422 1152 1504 1199 ostra

369 1256 464 1311 relicto
483 1253 516 1310 in
543 1251 622 1311 hunc
649 1250 770 1311 modum
794 1225 934 1310 statuisse
954 1249 1025 1308 mihi
1053 1247 1180 1310 videtur.
1233 1246 1270 1308 Id
1297 1246 1413 1328 quidem
1443 1247 1501 1306 lar-

370 1357 510 1437 giendum
533 1365 579 1418 est
599 1356 737 1431 Handie,
768 1357 864 1436 ipsam
886 1355 1061 1435 particulam
1090 1367 1116 1414 et
1140 1375 1203 1414 non
1231 1355 1396 1432 significare
1421 1351 1501 1413 idem

370 1485 406 1525 ac
429 1470 494 1538 jum
525 1463 577 1525 scd
605 1465 747 1544 temporis
780 1461 1015 1541 designationem
1046 1460 1167 1522 omnino
1201 1481 1266 1522 esse
1295 1461 1500 1522 intermissam.

371 1571 483 1632 Verum
506 1572 548 1631 sic
573 1578 703 1631 certatur
725 1569 762 1630 de
784 1570 853 1629 eolis
876 1567 1053 1643 nominihus,
1076 1567 1113 1628 de
1133 1588 1167 1629 re
1187 1569 1253 1649 ipsa
1275 1569 1469 1628 consentitur.

457 1677 598 1739 Olaueula
627 1679 652 1738 si
679 1695 734 1758 per
761 1677 897 1736 voculam
929 1689 955 1736 et
983 1675 1171 1755 adjungitur,
1204 1697 1240 1738 ea
1268 1685 1321 1736 aut
1348 1695 1424 1756 quae
1462 1695 1501 1736 ex

371 1783 615 1845 antecedentibus
637 1784 735 1845 verbis
758 1790 983 1863 consequuntur
1004 1782 1088 1843 brevi
1109 1803 1144 1843 ac
1164 1784 1249 1862 gravi
1270 1782 1359 1843 modo
1380 1781 1500 1856 indicat,

371 1899 425 1953 aut
446 1900 601 1954 externum
624 1891 773 1972 quoddam
795 1891 921 1970 apponit
949 1910 986 1951 co
1008 1891 1075 1964 fine,
1104 1898 1138 1950 ut
1159 1911 1266 1970 agmen
1288 1892 1429 1952 orationis
1449 1891 1501 1952 illo

369 2001 436 2060 loco
460 2006 594 2079 cogatur.
635 2000 683 2060 De
702 2000 798 2079 prima
818 1999 934 2059 ratione
954 1999 1033 2059 infra
1054 2017 1185 2076 agemus.
1238 1999 1298 2060 Hic
1325 2007 1441 2061 tantum
1464 1999 1502 2060 de

370 2105 465 2164 altera
492 2103 576 2178 dieo,
610 2103 690 2164 Hist.
712 2103 778 2178 III,
810 2105 867 2164 24:
903 2108 1025 2178 medique
1053 2109 1157 2164 clamor
1192 2111 1230 2164 et
1261 2110 1389 2165 omentum
1417 2111 1502 2164 sotem

368 2216 423 2286 (ito
452 2216 483 2310 ip
509 2215 597 2272 Suria
625 2220 683 2271 mos
718 2215 783 2286 est),
824 2215 938 2270 samiam
969 2215 1130 2271 adminuere.
1191 2211 1272 2272 Sane
1306 2212 1502 2292 pulcherrime

371 2325 402 2380 ot
423 2319 542 2398 poetico
565 2318 695 2399 quodam
717 2316 823 2378 ardore
845 2317 970 2378 dietum!
1016 2318 1134 2380 Claudit
1155 2321 1233 2381 eninr
1248 2322 1394 2382 sententia
1405 2329 1501 2381 totam

370 2427 504 2507 priorum
535 2425 663 2506 capitum
697 2427 912 2500 narrationem,
944 2446 1004 2506 qua
1033 2425 1071 2488 de
1096 2428 1190 2487 atroci
1220 2429 1298 2488 inter
1322 2428 1501 2490 Vitellianos

371 2535 639 2615 Vespasianosqne
669 2535 784 2614 proelio
815 2534 937 2610 dicitur,
971 2554 1067 2616 eoque
1088 2544 1246 2616 nocturno,
1299 2536 1360 2596 Diu
1389 2555 1501 2616 anceps

373 2642 466 2702 fuisse
489 2643 592 2722 spissis
614 2643 743 2722 primum
764 2641 908 2717 tenebris,
931 2641 999 2702 dein
1020 2643 1121 2702 lunam
1144 2651 1239 2702 ortam
1263 2642 1428 2704 ostendisse
1447 2645 1501 2703 mi-

369 2749 446 2825 lites,
467 2751 610 2811 fefellisse
630 2759 730 2813 tamen
751 2752 818 2811 luce
839 2731 960 2811 incerta.
1004 2750 1173 2811 Antonium
1193 2772 1265 2811 vero
1287 2751 1361 2812 alios
1381 2750 1501 2831 probris

370 2857 443 2917 alios
464 2856 552 2917 laude
574 2859 761 2937 compulisse,
783 2877 883 2918 omnes
898 2877 952 2938 spe
965 2860 1177 2938 promissisque
1197 2858 1372 2934 accendisse,
1394 2867 1429 2921 ut
1450 2858 1501 2920 de·

374 2967 521 3026 ficientem
541 2967 672 3027 animum
695 2966 830 3044 erigeret.
880 2965 921 3024 m
950 2967 1044 3044 magis
1066 2968 1220 3048 magisque
1247 2967 1412 3029 exardescit
1433 2989 1501 3030 nar-

371 3074 458 3146 ratio,
479 3081 705 3137 oommoventur
726 3073 861 3146 lectores,
884 3071 979 3133 donec
994 3072 1033 3133 ad
1053 3073 1084 3133 id
1106 3075 1247 3154 temporis
1267 3087 1412 3156 punctum
1432 3097 1501 3156 per-

371 3189 495 3268 ventum
518 3189 572 3256 est,
597 3200 656 3261 quo
680 3181 725 3242 sol
747 3180 888 3243 ascendit.
931 3179 1020 3243 Unde
1039 3183 1073 3242 fit
1094 3190 1128 3242 ut
1151 3201 1283 3263 eaquae
1305 3185 1389 3264 quasi
1404 3185 1501 3264 pictu-

370 3311 434 3350 ram
457 3292 574 3352 tristem
597 3298 628 3350 et
649 3290 779 3352 horroris
794 3291 913 3371 plenam
927 3299 998 3352 ante
1016 3292 1119 3352 oculos
1140 3289 1224 3352 nobis
1240 3293 1342 3373 posuit
1364 3295 1501 3374 scriptor,

370 3398 526 3479 splendido
547 3397 677 3480 quodam
699 3401 800 3461 colore
821 3399 940 3460 undem
962 3399 1228 3480 superfundantur,
1256 3403 1333 3463 siout
1361 3403 1427 3483 ipse
1454 3405 1501 3464 sol

370 3509 468 3568 oriens
490 3508 587 3586 gignit
608 3527 691 3586 spem
713 3508 855 3567 victoriae
875 3509 908 3567 in
929 3509 1033 3568 animis
1055 3509 1180 3570 militum
1202 3509 1293 3588 longa
1307 3508 1500 3577 caedefessis.

370 3613 471 3689 Quare
491 3615 644 3694 aptissime
665 3613 738 3673 haec
758 3612 851 3674 verba
864 3615 991 3674 orationi
1012 3613 1094 3676 ducis
1115 3615 1345 3695 subjunguntur.
1388 3616 1435 3678 Ac
1456 3620 1500 3678 vi·

373 3723 477 3784 demus
500 3729 641 3802 quantam
664 3741 765 3782 curam
785 3723 818 3783 in
838 3723 905 3803 ipsa
926 3723 1122 3784 collocatione
1143 3726 1356 3785 sententiarum
1377 3725 1500 3786 Tacitus

368 3833 512 3910 posuerit,
536 3850 684 3911 quamque
705 3830 779 3890 mira
791 3831 859 3905 sint,
881 3851 958 3911 quae
978 3831 1021 3891 ita
1034 3831 1209 3895 efficiuntur.
1253 3833 1384 3894 Similem
1400 3834 1499 3894 locum

369 3933 459 3994 habes
482 3935 557 4012 Agr.
581 3935 640 3997 26:
672 3957 734 4002 moa
755 3940 790 3992 ab
810 3939 944 3994 universis
976 3940 1067 4010 adiici
1097 3942 1256 4013 clornorem,
1289 3951 1315 3998 et
1337 3943 1500 4014 propinqua

368 4047 427 4103 lace
453 4047 564 4115 fatrem
589 4047 679 4117 siquo.
710 4077 754 4090 -
776 4039 856 4104 Ann.
876 4043 935 4118 IV,
968 4046 1026 4121 193
1048 4057 1074 4104 et
1100 4049 1188 4105 Silius
1214 4050 1393 4107 imminentem
1419 4053 1498 4106 dam·

349 4145 503 4208 ‘notmmem
541 4154 696 4210 colomam
724 4158 783 4226 flac
810 4151 970 4226 praeuertit.
1021 4151 1097 4227 XII,
1128 4155 1189 4214 54:
1225 4165 1251 4214 et
1281 4159 1357 4228 quies
1386 4161 1499 4229 provio·

441 4467 470 4535 1)
487 4471 550 4528 Quae
568 4478 659 4534 recepta
678 4480 713 4522 est
730 4489 742 4523 a
762 4473 858 4524 Weberc
877 4475 900 4526 in
918 4477 989 4539 praet.
1008 4476 1036 4526 sd
1054 4477 1137 4530 Lucan.
1154 4491 1207 4541 pag.
1226 4476 1267 4530 15.
