3196 5270
669 257 710 314 53

114 424 239 506 pendet.
294 425 352 486 His
375 426 466 505 igitur
486 427 516 486 in
535 428 686 506 juncturis
709 436 778 486 ante
802 427 902 486 omnia
924 433 1158 488 consentaneum
1182 435 1255 500 eret,

109 534 258 593 rationem
281 533 452 594 interiorem
476 533 636 596 verborum
666 535 768 594 statim
798 532 938 610 intelligi.
987 532 1077 609 Quod
1104 533 1255 613 quomodo

104 640 220 716 justins
250 658 288 698 ac
318 639 428 700 clarius
455 639 519 700 deri
552 642 666 719 potuit,
700 660 791 720 qnam
825 648 859 700 ut
881 639 964 700 notio
994 641 1131 719 proxime
1157 640 1196 701 ab
1218 661 1254 701 co

108 745 201 806 verbo
227 755 392 825 poneretur
427 766 555 827 quocum
585 749 695 808 arctina
717 747 883 809 cohaeret?
906 778 947 793 -·-
983 747 1087 828 Atque
1109 750 1167 808 tria
1190 757 1254 808 tan·

107 864 168 915 tum
193 853 353 914 observavi
377 855 532 935 exempla,
555 855 664 936 quibus
687 855 756 915 huic
777 856 901 934 regulae
927 875 988 916 non
1018 855 1179 916 obsecutus
1208 865 1256 916 eet

104 961 248 1040 scriptor:
271 959 351 1021 Ann.
375 960 469 1034 XIII,
495 963 545 1022 19.
567 962 648 1021 Hist.
672 963 712 1036 II,
736 963 766 1022 4.
788 961 849 1036 III,
874 965 913 1022 61
939 959 1025 1044 (vide
1048 960 1151 1044 Infra).
1205 963 1254 1023 IIe
1321 983 1323 990 ·

102 1075 204 1126 autem
229 1067 272 1126 sic
293 1073 365 1126 snut
386 1075 576 1146 comparata,
611 1076 645 1127 nt
666 1069 808 1148 primaria
837 1070 919 1128 notio
951 1087 1018 1128 cnm
1041 1070 1071 1128 vi
1093 1072 1194 1149 posite
1216 1071 1255 1128 sit

5 1235 7 1240 ,
102 1174 188 1232 initio
211 1173 396 1254 sententiae,
420 1191 480 1253 qno
502 1173 574 1232 setis
598 1174 729 1234 evitatur
759 1171 958 1252 ambiguitas,
991 1181 1151 1253 praeterea
1180 1195 1252 1236 vero

101 1281 139 1342 ad
164 1279 290 1341 alteram
313 1278 418 1339 addita
440 1279 500 1339 siut
521 1279 581 1338 alia
604 1279 749 1348 uocabula
771 1280 802 1338 in
817 1279 904 1340 finem
927 1280 1078 1356 attributi,
1101 1301 1179 1362 quae
1195 1284 1253 1341 nisi

101 1391 166 1448 sine
190 1386 251 1448 ulla
272 1388 422 1465 gravitate
444 1389 587 1466 primaria
608 1389 691 1448 notio
712 1388 796 1468 sequi
809 1407 868 1452 non
883 1396 1012 1467 poterat.
1056 1389 1156 1450 Etiam
1171 1391 1252 1470 apud

102 1496 179 1555 aiios
202 1495 384 1574 scriptores,
418 1495 449 1554 in
472 1502 617 1574 quantum
640 1513 697 1572 ego
721 1512 773 1553 eos
795 1496 977 1573 perscrutari
1000 1503 1146 1574 poteram,
1179 1495 1253 1556 haec

5 1587 6 1592 ἵ
101 1604 151 1662 lex
174 1602 282 1681 utique
304 1600 406 1660 valere
429 1599 559 1660 videtur.

190 1736 223 1796 Si
246 1737 306 1796 alia
327 1734 488 1796 intercedit
516 1738 594 1796 ratio
628 1739 705 1796 inter
733 1736 939 1816 praedicatum
962 1745 994 1798 et
1016 1739 1152 1800 notiones
1174 1737 1251 1813 illas,

103 1864 261 1924 nexusque
284 1850 384 1903 exstat
405 1841 545 1914 solutior,
568 1841 637 1899 huic
667 1844 790 1919 regulae
823 1863 883 1903 non
917 1852 978 1903 tam
1005 1845 1108 1904 stricte
1138 1845 1251 1904 obtem-

103 1963 242 2032 peratur,
265 1949 353 2024 licet,
376 1949 403 2008 si
425 1947 525 2006 omnia
546 1955 771 2027 computamus,
803 1947 896 2012 multo
926 1950 1053 2029 amplior
1075 1952 1115 2010 sit
1148 1971 1250 2012 nnme-

103 2076 152 2117 rue
176 2075 280 2120 eornm
302 2055 452 2130 locorum,
482 2054 585 2133 quiin
609 2053 831 2116 buncmodnm
863 2057 1021 2136 compositi
1043 2063 1128 2132 snut,
1160 2077 1249 2139 quam

103 2165 153 2246 qui
175 2164 264 2226 aliter
286 2161 407 2222 babent.
450 2161 559 2242 Neque
580 2182 652 2224 vero
674 2161 763 2223 aliem
784 2165 816 2224 in
838 2163 968 2224 medium
991 2163 1127 2245 proferre
1154 2168 1251 2226 enaim

104 2275 212 2333 timore
233 2290 272 2331 ne
294 2271 422 2330 arctiore
443 2270 563 2329 vincula
586 2271 714 2329 orationi
738 2271 891 2350 scriptoris
919 2272 1059 2349 injiciam.
1115 2271 1177 2332 Sed
1200 2293 1251 2334 ex-

103 2388 185 2438 stant
207 2377 267 2437 etia
288 2377 410 2454 insuper
432 2376 544 2436 indicia
565 2378 689 2436 rationis
712 2395 791 2456 quae
813 2378 892 2436 inter
914 2379 1052 2438 notiones
1075 2377 1142 2437 illes
1159 2380 1252 2440 inter-

102 2486 193 2550 cedit.
239 2485 373 2560 Qnornm
396 2483 523 2562 primum
547 2484 685 2555 nomino,
716 2483 741 2541 si
774 2483 961 2542 enuntiatum
995 2482 1180 2561 praecedens
1203 2485 1253 2545 vel

5 2591 6 2598 ’
102 2593 264 2671 insequens
295 2588 459 2669 respondet
489 2589 660 2650 notionibus
695 2588 733 2648 de
765 2587 873 2668 quibus
908 2588 1034 2665 agitur,
1061 2589 1115 2650 sed
1146 2591 1189 2650 ita
1219 2601 1253 2652 ut

103 2697 240 2757 attributi
263 2697 330 2755 vice
353 2714 456 2755 verum
479 2695 662 2775 adjectivum
685 2693 838 2771 iungetur.
897 2694 977 2754 Tum
999 2704 1126 2772 antem,
1144 2699 1168 2756 si
1192 2697 1251 2758 duo

102 2805 189 2884 paria
211 2822 308 2883 aequo
329 2800 419 2861 modo
441 2811 616 2880 comparata
638 2801 694 2862 sibi
715 2799 917 2880 respondent,
949 2802 981 2861 in
1007 2804 1103 2863 altero
1132 2823 1253 2884 semper

102 2911 192 2971 sedes
216 2908 431 2970 vocabulorum
453 2907 628 2966 immutatae
651 2915 730 2966 sunt.
775 2907 807 2966 si
829 2906 911 2986 nulla
934 2915 1056 2967 exstant
1076 2921 1254 2988 argumente

104 3025 249 3090 externa,
278 3022 341 3074 tum
363 3013 406 3072 nil
426 3011 574 3092 reliquum
597 3017 644 3072 cst
666 3014 723 3072 nisi
757 3021 791 3072 nt
821 3013 1050 3090 diligentissima
1079 3035 1186 3076 senens
1209 3018 1253 3077 in-

105 3124 271 3200 dagatione
306 3119 477 3198 intelligere
513 3119 706 3189 studeamus,
739 3121 795 3198 'qni
828 3121 867 3179 sit
901 3123 980 3182 iuter
1016 3122 1075 3184 dno
1105 3123 1255 3184 vocabula

103 3250 210 3290 nexus.
255 3227 317 3288 Sed
340 3227 446 3287 horum
468 3226 600 3285 locorum
623 3245 765 3286 numerus
788 3225 951 3288 admodum
981 3227 1108 3306 exiguus
1130 3241 1185 3292 est.
1211 3263 1249 3277 --

197 3383 253 3442 His
276 3383 306 3442 in
330 3381 501 3440 universum
524 3381 697 3459 praemissis
727 3380 767 3446 ad
796 3380 932 3458 singulos
964 3381 1045 3441 locos
1078 3383 1252 3445 tractandos
1352 3379 1359 3392 '

104 3489 227 3550 accedo.
270 3483 348 3549 Sunt
370 3494 471 3545 antem
494 3485 525 3544 in
543 3484 692 3564 judicium
723 3488 850 3548 vocandi
880 3497 951 3548 ante
979 3507 1083 3548 omncs
1116 3491 1192 3550 alios
1221 3494 1252 3564 ii,

104 3595 214 3676 quibus
237 3594 288 3653 Iex
308 3598 412 3651 nostra
433 3589 524 3650 modo
547 3591 667 3670 prolata
689 3593 909 3674 comprobatur,
965 3593 1099 3670 Quorum
1122 3598 1253 3676 primum

103 3721 157 3761 eoa
180 3698 336 3772 adscribo,
363 3698 413 3779 qui
443 3698 486 3757 ite
508 3718 541 3758 se
565 3698 677 3760 habent
705 3707 738 3758 ut
767 3698 805 3760 de
834 3721 916 3760 nexu
948 3702 1102 3762 notionum
1134 3679 1255 3784 praeter

104 3807 332 3866 collocationem
355 3803 516 3865 verborum
537 3807 627 3886 etiam
650 3804 816 3886 praedicati
838 3807 904 3886 ipse
920 3817 1028 3868 nature
1049 3828 1103 3867 nos
1118 3807 1253 3881 edoceat,

105 3911 188 3993 quod
211 3910 350 3971 indicium
369 3911 434 3988 jam
457 3930 549 3991 supra
570 3913 667 3989 tetigi.

191 4067 272 4127 Hier.
294 4067 321 4139 I,
346 4069 382 4127 7:
410 4074 463 4126 aed
481 4092 500 4127 e
521 4074 620 4144 tepetis
642 4075 742 4130 bellum
763 4076 955 4145 madentibus,
983 4084 1132 4147 postquem
1160 4078 1256 4148 impel-

104 4181 162 4234 lere
184 4177 368 4248 nequiverim,
390 4179 493 4234 erimeu
514 4197 548 4234 ae
570 4181 665 4252 ἀοίιιῃι
686 4181 760 4237 ultro
782 4182 966 4252 compositam,
1011 4177 1101 4237 Falso
1119 4191 1256 4254 egerunt,

106 4284 158 4361 qui
180 4281 371 4361 interpretati
394 4291 478 4341 snut:
501 4283 613 4342 crimen
636 4283 740 4344 dolose
763 4285 975 4364 compositum
999 4292 1045 4343 est
1061 4286 1256 4345 econtrario:

110 4390 199 4450 dolus
233 4389 270 4449 ad
302 4388 546 4449 committendam
577 4389 701 4450 caedem
733 4393 926 4472 compositus.
983 4391 1026 4451 Ut
1057 4391 1115 4452 dici
1146 4395 1257 4472 possit:
