3196 5270
723 311 770 370 ¹75

258 481 338 542 Hist.
361 481 387 554 Ι,
420 484 476 542 87:
517 487 632 541 addsiir't
659 487 744 544 ctare
771 487 894 542 urhunes
927 487 1048 541 cotetae
1072 489 1098 539 et
1123 483 1306 554 pleresquee

169 593 366 662 praeterierat,
388 594 461 648 uires
481 601 507 648 ct
522 595 607 650 robur
627 595 768 650 eumdum
814 591 889 649 Item
911 589 953 660 Π,
978 591 1034 647 11:
1063 592 1131 663 plue
1150 592 1251 646 uirium
1272 608 1306 644 oc

172 697 285 754 robore.
315 698 389 752 edes
410 692 646 774 (Struitmttchte)
671 695 821 768 dicuntur,
853 693 1013 754 sibullam
1046 701 1077 751 et
1102 690 1217 772 proelia
1238 691 1330 770 ipsa

173 805 356 875 spectantur,
387 803 471 858 rubra
492 799 645 859 notionem
679 819 733 878 per
756 819 788 860 se
809 797 1027 858 consideratam
1051 804 1141 876 atque
1163 797 1193 854 iu
1215 813 1306 854 unum

173 901 418 980 comprehensam
450 905 600 982 exprimit.
624 903 726 964 Germ.
762 908 800 966 6:
838 909 905 979 plur
931 925 1017 979 peaes
1041 908 1165 979 peditem
1193 906 1306 962 roboria

175 1006 226 1066 30.
247 1005 323 1082 Agr.
345 1010 395 1066 12.
439 1008 507 1068 Liv.
531 1010 581 1081 21,
606 1012 637 1068 1:
668 1031 754 1084 aeque
774 1014 818 1069 his
837 1013 907 1084 apert
927 1021 1034 1068 taratrum
1056 1031 1187 1084 maurium
1207 1011 1308 1066 diuum

175 1125 224 1174 aut
245 1118 352 1174 rosae
365 1119 436 1189 ficit,
458 1115 508 1175 ubi
531 1115 603 1176 ride
623 1115 912 1178 Weissenbornium.

261 1242 342 1301 IIist.
364 1243 405 1323 Π,
438 1245 495 1302 37:
531 1249 653 1315 suetudo
671 1249 813 1321 atemere
830 1249 977 1320 praeminet,
1008 1267 1122 1320 mimum
1139 1248 1254 1321 stup-itio
1275 1265 1309 1302 uc

175 1353 294 1408 damus
315 1355 453 1424 apertiore
476 1355 506 1409 tn
527 1356 588 1410 dics
608 1360 689 1424 tama
709 1359 896 1413 mortemar.
919 1348 1307 1430 maanemmshomiot

175 1455 337 1533 significat:
370 1456 565 1530 Schsudthat,
601 1457 920 1535 Niedertrtchtigkeit3
952 1455 1127 1541 dcdsae¹):
1164 1458 1308 1536 Schimpt,

178 1563 311 1626 Unehre.
356 1563 406 1624 Sic
428 1574 459 1626 st
491 1562 741 1645 Doederlinus⁸).
786 1567 869 1644 Quos
892 1569 917 1626 ei
938 1569 1091 1648 sequimur
1111 1569 1309 1647 interpretem

177 1667 248 1728 dnm
270 1669 341 1728 erit:
365 1668 495 1730 dedecus
520 1690 559 1730 ex
580 1671 701 1750 flagitiis
724 1681 872 1732 exortum.
918 1671 979 1734 Sed
1001 1672 1041 1733 ad
1064 1671 1147 1732 eliud
1161 1670 1309 1750 judicium

175 1784 385 1836 convertemur
412 1797 535 1838 neccsse
558 1787 614 1851 est,
646 1781 670 1837 si
694 1780 724 1838 in
754 1781 1009 1857 comparationem
1030 1754 1207 1839 adhibemus
1229 1777 1309 1837 Hist.

176 1883 214 1956 V,
249 1885 306 1942 22:
346 1889 442 1958 myrtea
464 1890 606 1961 stupitt‘arn
634 1907 713 1944 sumu
743 1891 823 1944 ducis
858 1893 991 1948 dedecore
1021 1892 1193 1946 maheu.
1251 1885 1309 1943 Hic

176 1993 255 2051 euim
272 1997 414 2068 flaqttium
434 1991 615 2074 appelletur,
650 1992 732 2074 quod
753 1995 863 2071 vigiles
884 1995 998 2054 incuria
1019 2001 1111 2074 atque
1133 1994 1310 2053 oscitatione

175 2100 372 2178 irruptionem
390 2099 610 2160 Germanorum
634 2109 811 2161 nocturnam
833 2120 894 2161 non
917 2101 1205 2178 animadverterant3
1227 2105 1309 2158 dede·

175 2229 223 2267 cur
244 2227 326 2279 vero,
348 2207 427 2288 quod
452 2208 514 2268 dux
535 2216 673 2286 stuprum
695 2209 808 2269 feceret
831 2230 898 2270 cum
922 2209 1050 2270 Claudia
1065 2208 1191 2270 Secreta
1212 2227 1310 2288 eoque

176 2315 473 2391 muniaueglexerst.
516 2316 624 2395 Itaque
639 2315 839 2391 colligendum
862 2327 917 2390 est,
938 2323 1057 2376 dedam
1079 2337 1098 2376 a
1119 2316 1227 2375 Tacito
1250 2311 1308 2374 dici

177 2420 377 2497 metonymice
390 2439 453 2498 pro
477 2422 558 2479 omni
580 2439 689 2496 genere
713 2425 818 2502 stupri,
852 2420 1105 2501 quemadmodum
1127 2425 1204 2495 paics
1224 2437 1308 2478 usur-

177 2535 231 2606 pat
251 2547 307 2607 pro
328 2532 462 2588 aerumma
491 2529 586 2604 (Anu.
607 2529 648 2601 ΙΙ,
681 2531 754 2607 14);
785 2551 915 2588 emaum
945 2549 1001 2608 pro
1033 2533 1190 2602 veneficium
1211 2525 1308 2610 (quod

118 2652 126 2666 ·
175 2636 277 2715 paullo
286 2646 376 2696 antea
385 2644 494 2710 exstat,
517 2637 597 2699 Anu.
620 2635 757 2718 IV‚10);
780 2642 957 2697 matrimonia
977 2657 1033 2716 pro
1055 2640 1182 2711 ccuiupcs
1204 2635 1308 2714 (etiam

176 2743 250 2804 haec
278 2764 340 2803 vox
365 2747 501 2823 proxime
522 2743 673 2804 antecedit
697 2779 734 2788 -
759 2745 840 2803 Anu.
862 2739 898 2816 ΙΙ,
932 2747 971 2805 13
994 2779 1037 2790 ·-
1059 2752 1093 2804 ut
1125 2750 1307 2822 compareat,

176 2852 312 2912 venandi
334 2871 440 2911 caussa
462 2855 593 2931 positum
616 2871 682 2912 esse
704 2852 884 2912 abstractum
907 2871 962 2933 pro
978 2847 1167 2936 concreto)⁴).
1210 2850 1308 2910 Addi-

178 2960 273 3020 derim
295 2980 351 3040 pro
375 2961 475 3032 &domo
499 2961 583 3021 Suet.
606 2962 688 3036 Aug.
708 2963 766 3024 ,682
801 2966 895 3037 perna
921 2966 1036 3035 juventa
1056 2966 1197 3022 oenones
1226 2966 1308 3020 dedc-

177 3090 271 3129 eoneu
300 3073 451 3143 iufamium
479 3074 579 3129 audiat:
637 3073 735 3129 sectus
770 3073 919 3144 Pompeius
950 3081 981 3128 ut
1012 3074 1051 3145 eff
1063 3073 1196 3130 nundum
1224 3073 1308 3128 umec-

175 3189 250 3237 tutua
292 3190 339 3253 eat,
380 3182 518 3238 Antonius
561 3183 737 3253 adopts'rmem
779 3182 910 3237 avunculi
950 3189 1048 3253 stupro
1088 3181 1215 3237 mort'tum
1251 3184 1309 3238 oet.

175 3305 254 3366 qnae
277 3287 377 3345 omnia
407 3295 477 3345 sunt
501 3285 637 3364 ejusdem
659 3289 788 3363 generis.
831 3285 971 3348 cereum
993 3285 1041 3346 hic
1062 3285 1144 3346 locus
1167 3282 1308 3358 ostendit,

176 3400 207 3453 et
227 3393 287 3454 alio
310 3393 399 3452 modo
422 3411 509 3452 neum
528 3392 699 3453 Tacitinum
721 3412 788 3453 cum
811 3393 994 3454 Suetoniano
1016 3410 1189 3469 congruere.
1215 3392 1307 3452 Nam·

175 3521 234 3582 qne
257 3509 291 3562 ut
310 3502 354 3562 ibi
377 3520 416 3562 ex
446 3500 532 3560 tectis
562 3520 640 3582 quae
669 3501 709 3560 ad
744 3510 880 3580 stuprum
912 3500 1083 3579 pertineant
1104 3506 1207 3559 natam
1240 3518 1309 3559 esse

174 3613 324 3684 iufamium
344 3593 495 3680 narratur.
521 3609 564 3668 ita
596 3606 704 3688 eodem
733 3605 879 3668 vocabulo
901 3606 941 3668 ud
963 3605 1091 3666 eundem
1112 3625 1176 3666 rem
1198 3605 1309 3683 signifi·

174 3718 301 3778 cendam
323 3719 419 3778 utitur
440 3716 564 3777 Tacitus
584 3734 649 3795 cap.
671 3725 768 3776 antec.
797 3705 935 3796 spectans
957 3713 990 3776 id
1016 3713 1151 3795 quadiu
1173 3715 1208 3773 iis
1231 3733 1308 3794 quse

175 3834 340 3907 sequuntur
361 3825 399 3886 de
423 3824 497 3885 duce
519 3824 664 3885 retertur:
693 3829 777 3899 (duc)
798 3845 966 3900 mamonae
982 3827 1138 3900 periculam
1160 3826 1306 3897 capriata-

172 3939 209 3995 atr
231 3939 368 4008 matura,
400 3937 550 4008 eserniam
576 3955 632 3992 aaa
652 3936 756 3994 staca
801 3932 884 4008 Ergo
911 3931 1047 3992 videmus
1077 3949 1144 3990 eam
1166 3948 1255 4009 quem
1274 3931 1304 3991 in

173 4038 319 4100 vocabulo
341 4044 459 4098 &deun
490 4041 590 4099 inesse
611 4038 760 4099 voluerint
779 4036 1027 4116 significationem
1050 4033 1251 4096 Doederlinus
1272 4042 1304 4094 et

172 4146 396 4219 Ramshoruius,
425 4145 505 4226 apud
527 4145 666 4205 Tacitum
696 4153 727 4206 et
748 4143 926 4206 Suetonium
949 4145 979 4203 iu
1000 4146 1149 4216 infanium
1169 4140 1304 4201 cemisse.

247 4378 271 4444 l)
292 4380 309 4440 l,
327 4377 448 4442 puniit.
468 4407 500 4420 ·-
521 4380 595 4447 2)··tt‚
613 4394 665 4443 pag.
684 4379 717 4429 25
737 4394 786 4444 seq.
806 4408 839 4417 -
859 4378 887 4444 8)
906 4381 991 4442 sycon.
1010 4378 1045 4438 ΙΙ,
1062 4377 1121 4428 tes.
1141 4403 1172 4413 -
1193 4375 1218 4442 t)
1237 4375 1303 4426 Plura

175 4473 234 4537 apud
253 4472 428 4523 Weinksuttium
447 4472 464 4523 Ι.
483 4472 526 4524 38.
