3196 5270
707 335 744 394 61

156 505 244 580 gulae
272 504 415 566 obediens
448 512 514 563 erat
535 504 709 583 praeclarus
731 501 782 562 ille
804 504 943 582 princeps
966 503 1084 581 imperii
1106 505 1243 564 Romani.
1260 541 1300 548 --

156 613 236 672 Anu.
259 612 304 694 11,
326 615 385 672 57:
413 624 554 686 postremo
571 616 673 686 poncia
694 615 883 682 seculiarium
911 615 1045 668 mincia
1071 632 1162 670 ammo
1184 625 1296 689 coeptas

156 725 275 779 &aare
296 725 406 794 qualem
427 725 487 778 ἱνα
507 731 540 778 et
561 721 816 777 dissimulatio
843 722 950 792 piperi,
980 739 1140 792 responsam
1162 741 1182 777 u
1203 724 1304 780 lium

152 833 329 902 prociona
350 831 635 887 contumacibus.
682 825 768 887 Alter
797 825 929 886 clemens
961 843 995 885 se
1027 827 1187 888 ostendere
1219 829 1302 888 vole·

155 935 223 1008 bet,
245 955 282 994 ac
304 944 404 994 tammr
428 936 521 994 irstus
545 943 629 1007 erat,
661 933 738 993 alter
767 931 907 992 submissi
940 935 1071 1012 speciem
1099 934 1301 1016 praeferebat,

156 1063 247 1123 quum
270 1041 401 1122 undique
424 1050 596 1120 erumperet
622 1041 800 1120 procacitas.
856 1039 1053 1119 Respondent
1074 1043 1131 1104 sibi
1154 1043 1303 1104 vocabula

154 1157 201 1211 ira
221 1160 252 1211 ot
273 1154 483 1212 contumacitas.
516 1181 559 1193 —
603 1149 646 1208 At
678 1149 703 1208 is
734 1147 818 1210 locus
848 1147 1022 1210 facultatem
1053 1151 1123 1210 milri
1155 1151 1301 1230 praebeat

155 1257 326 1337 exponendi
349 1259 387 1319 ds
408 1260 486 1318 mira
507 1256 638 1337 quadam
662 1257 780 1316 ratione
809 1255 940 1317 breviter
969 1255 1098 1318 dicendi.
1156 1259 1302 1338 Appella-

155 1367 248 1426 verim
279 1366 513 1445 implicationem
542 1365 720 1438 notionum,
754 1382 846 1443 qnam
877 1362 1028 1443 quomodo
1053 1363 1178 1442 intelligi
1200 1368 1301 1448 velim,

154 1475 256 1534 stetim
279 1493 318 1534 ex
339 1473 396 1534 hoc
419 1481 522 1534 nostro
544 1469 685 1551 exemplo
708 1469 878 1534 ostendam.
934 1471 1013 1531 Nam
1049 1471 1126 1532 dnae
1156 1474 1226 1534 illae
1249 1494 1301 1534 no·

155 1582 272 1653 tiones,
294 1599 372 1660 quse
395 1588 483 1640 sunt:
507 1581 569 1639 irae
592 1577 809 1650 dissimulatio,
833 1585 881 1638 et:
906 1595 1008 1658 preces
1031 1587 1236 1657 contumaces,
1257 1583 1300 1642 in-

155 1689 250 1748 vicem
275 1688 331 1747 sibi
354 1687 466 1768 aliquid
490 1686 691 1767 supplementi
715 1684 858 1766 afferunt,
890 1684 970 1763 qnod
999 1685 1040 1746 ad
1061 1689 1218 1770 uniusque
1240 1691 1299 1750 sim

156 1795 363 1876 complendam
391 1795 495 1875 utique
517 1794 719 1856 necessarium
742 1801 798 1852 est.
854 1790 949 1853 Sicuti
971 1795 1050 1854 enim
1073 1795 1103 1855 in
1125 1805 1239 1857 statera
1262 1817 1300 1858 ex

155 1905 241 1965 lance
264 1905 294 1963 in
316 1903 410 1964 ultum
435 1901 513 1962 elata
536 1901 680 1978 colligere
702 1908 985 1992 potes‚)quantum
1015 1902 1054 1962 sit
1076 1902 1196 1982 pondus
1219 1906 1300 1985 quod

156 2012 299 2092 deprimit
320 2011 463 2084 alteram,
493 2011 537 2068 ita
568 2009 658 2070 stiam
687 2028 725 2070 cx
756 2008 922 2088 posteriore
952 2009 1073 2070 notione
1102 2009 1141 2070 ad
1170 2012 1299 2091 priorem

156 2121 203 2180 cni
225 2120 405 2199 opponitur,
427 2117 609 2178 contrsrinm
637 2099 741 2178 'mente
767 2115 939 2176 addendum
962 2125 1020 2180 est.
1078 2119 1167 2180 Prior
1199 2130 1298 2181 sutem

156 2229 238 2290 notio
261 2226 299 2287 de
323 2228 355 2285 vi
377 2245 432 2286 sua
461 2224 649 2303 generaliore
680 2224 898 2304 aliquantulum
932 2226 1107 2305 suppeditat
1138 2232 1299 2308 posteriori

156 2334 198 2392 its
220 2344 253 2393 nt
274 2353 380 2393 revera
402 2352 469 2393 cum
493 2351 530 2391 ea
552 2331 698 2411 implicita
719 2333 758 2390 sit
779 2340 870 2412 atque
886 2332 1056 2393 cohaereat.
1099 2335 1299 2415 Int‘elligimus

156 2440 343 2501 evocabulo
366 2443 567 2512 mammon,
601 2440 693 2497 ctiam
722 2459 820 2512 preces
840 2459 918 2518 quae
940 2450 1130 2518 opponantur
1162 2444 1299 2505 dissimu-

156 2546 232 2606 latas
255 2545 364 2621 luisse,
387 2545 416 2606 id
439 2544 521 2626 quod
542 2541 636 2604 sorba
664 2543 731 2622 ipsa
756 2548 887 2620 prosim
907 2551 1110 2607 contumacium
1137 2569 1196 2609 non
1224 2551 1299 2610 indi·

155 2664 239 2728 cant,
263 2656 376 2735 quippe
399 2671 477 2733 qnae
498 2652 564 2731 pari
589 2637 659 2730 jure
687 2648 725 2709 de
755 2659 898 2730 proterva
928 2650 1058 2732 quadam
1088 2655 1299 2732 efflagitatione

156 2759 251 2840 accipi
273 2759 399 2840 possint.
454 2757 568 2818 Contra
594 2776 632 2816 ex
660 2761 864 2816 commnacibra
884 2757 1001 2837 prodit,
1032 2757 1298 2822 dissimulationem

156 2867 332 2928 iraeinisss
355 2865 623 2927 dissimulationem
647 2865 908 2938 inclementiam,
940 2885 976 2924 ac
1004 2885 1043 2924 ne
1073 2866 1147 2927 illud
1177 2869 1298 2949 quidem

155 2973 228 3053 ipsis
249 2973 349 3034 verbis
370 2974 558 3047 continetur,
580 2992 672 3052 quum
696 2971 892 3032 dissimulatio
915 2972 978 3030 irae
993 2973 1081 3033 etiam
1103 2976 1300 3056 tranquillita-

155 3083 194 3142 tis
217 3089 248 3142 ct
269 3080 457 3142 lentitudinis
476 3099 636 3160 personam
660 3080 737 3140 ferre
758 3080 864 3158 possit.
911 3080 968 3139 Hic
990 3099 1062 3140 vero
1085 3081 1115 3142 id
1135 3083 1242 3160 agitur,
1267 3093 1299 3144 ut

157 3189 352 3250 Germanicus
371 3191 466 3250 comis
488 3199 580 3268 atquo
603 3187 749 3265 benignus
772 3205 839 3248 sesa
862 3196 1001 3249 ostentet.

241 3297 314 3358 Jarn
337 3296 377 3356 ad
399 3296 478 3357 hunc
500 3293 622 3355 modum
645 3294 762 3374 aliquot
784 3293 866 3353 locos
888 3294 1041 3374 explicare
1055 3297 1165 3358 liccat,
1219 3299 1299 3361 Hist.

156 3403 208 3484 lli,
232 3405 290 3463 24:
305 3411 421 3477 fnestra
442 3405 557 3459 minis
577 3412 613 3458 et
633 3381 755 3458 verbis
776 3412 939 3474 prouocatos
967 3407 1138 3464 Vitellianos.
1182 3405 1298 3466 Intelli-

157 3519 268 3588 guntur
290 3511 389 3569 minae
410 3517 441 3568 et
462 3511 620 3582 pestibus
641 3514 672 3566 et
693 3510 816 3565 corbis
837 3504 983 3585 objectae.
1020 3507 1099 3567 Nam
1123 3508 1299 3570 vocabulum

156 3623 246 3678 satri
275 3638 330 3698 por
357 3617 578 3697 oppositionem
614 3615 696 3674 elicit
720 3615 968 3692 significationem
997 3615 1079 3676 illam
1114 3618 1300 3681 evocabulo

157 3732 255 3798 minim
287 3745 403 3786 rursum
433 3722 464 3784 id
493 3723 681 3800 generaliore
715 3742 771 3782 sua
798 3723 828 3782 vi
858 3722 984 3782 alterum
1007 3723 1223 3802 complectitur.
1268 3727 1301 3786 Si

159 3835 282 3894 Tacitus
305 3831 335 3892 id
358 3833 528 3911 exprimere
551 3829 716 3903 voluisset,
739 3829 820 3908 quod
842 3830 922 3904 exit,
943 3849 1036 3910 quum
1058 3830 1183 3890 alteram
1206 3834 1301 3892 notio·

156 3963 225 4002 nom
250 3942 335 4001 alteri
357 3925 561 4000 inhaerentem
585 3945 700 3998 tanturn
730 3937 857 3996 iacimus
885 3937 965 3997 haud
1000 3937 1090 3998 dubie
1119 3958 1190 3998 usus
1222 3953 1302 4001 esset

156 4049 309 4130 adjectivo
333 4052 438 4121 minuc,
469 4047 539 4126 qnia
562 4044 653 4105 valde
675 4043 797 4104 adamat
829 4043 981 4123 adjectiva
1003 4046 1034 4105 in
1061 4067 1098 4104 oc
1124 4045 1301 4120 desinentia,

156 4169 207 4220 ut:
231 4177 353 4238 procax,
376 4165 485 4235 tenax,
507 4173 614 4233 capax,
637 4173 748 4233 rapax,
770 4154 873 4233 ferax,
896 4154 1037 4232 suspicax
1058 4154 1126 4213 alia.
1147 4188 1189 4200 -
1212 4156 1302 4218 Pror·
1333 4135 1338 4145 ι

156 4289 208 4328 sus
231 4286 325 4345 oeque
349 4272 541 4343 comparatus
563 4275 610 4322 est
631 4263 713 4322 Hist.
735 4261 760 4335 1,
785 4264 841 4323 69:
871 4266 992 4321 amatu
1016 4266 1153 4321 οωσίἀίιιηι
1176 4277 1303 4344 poscunt,

154 4383 211 4436 tola
233 4397 267 4433 uo
287 4395 386 4432 manas
406 4377 437 4429 in
458 4393 511 4430 ora
531 4376 684 4445 lepotormm
701 4375 847 4430 intentant.
891 4375 935 4429 Nc
962 4375 1087 4430 Vitellius
1108 4377 1220 4447 quidem
1240 4379 1301 4431 mi·
1355 4431 1359 4437 ,

154 4489 213 4543 nis
235 4505 275 4540 ac
296 4483 431 4538 verbis
464 4483 650 4554 temporabat,
687 4477 738 4538 ubi
774 4496 813 4537 ex
846 4458 881 4536 iis
913 4497 992 4558 quae
1021 4478 1204 4539 antecedunt
1237 4481 1304 4541 luce
