3196 5270
883 257 1024 331 16,

270 421 271 426 ’
333 427 373 482 cte
393 422 564 484 inerunt
610 428 711 484 mum
732 427 879 485 Proetdmn
901 429 967 497 cet,
989 439 1081 505 quum
1102 445 1164 486 nou
1182 423 1320 500 adducar,
1343 432 1465 486 etcum

332 527 514 609 Nipperdeio
534 525 627 592 verba
651 534 753 606 cepido
781 542 906 590 maturae
937 534 1010 590 accis
1038 535 1095 604 sirit
1123 552 1179 613 pro
1206 532 1386 612 glossemate
1414 531 1465 591 ha-

331 635 426 711 beam,
448 655 627 718 quemquam
649 656 746 718 nuper
767 638 855 698 etiam
877 636 1010 698 Ritterns
1035 639 1067 699 in
1096 646 1196 718 partes
1216 640 1280 718 ejus
1306 636 1464 717 transiitli.

332 743 393 806 Sed
413 745 482 806 lieet
503 754 614 807 rectem
635 745 714 805 viam
741 744 792 805 ille
812 745 963 822 ingressus
990 745 1038 820 rit,
1063 753 1164 808 tumen
1194 747 1342 808 sententis
1369 759 1396 806 et
1419 751 1463 804 Pt-

250 849 253 858 ’
329 857 384 912 tiae
404 855 539 913 Prccctra
559 860 615 914 cst.
652 871 756 914 eornm
784 871 861 933 quae
888 851 1069 914 antecedunt
1097 853 1323 934 explicationem
1344 873 1463 916 accura-
1561 862 1562 884 *

329 961 436 1021 tiorem
457 978 520 1019 nan
541 957 670 1022 exhibet.
729 958 807 1019 Nam
827 959 958 1039 primum
984 959 1022 1020 Τ.
1043 961 1189 1022 Proculus
1215 962 1336 1023 minime
1357 963 1462 1022 mortis

329 1068 386 1128 init
406 1065 541 1147 cupidae,
562 1075 598 1128 ut
619 1075 746 1147 apparet
766 1085 805 1128 cx
818 1067 915 1128 verbis
935 1072 1069 1128 iudiciuae
1078 1075 1239 1146 offerentem,
1260 1071 1373 1152 quippe
1385 1090 1462 1151 quac

329 1177 496 1256 significent
517 1196 554 1237 cx
576 1175 683 1256 iudicio
705 1177 770 1237 fore
791 1184 826 1236 ut
847 1175 902 1236 sibi
923 1177 1129 1257 impunitatem
1158 1186 1279 1259 pareret
1296 1183 1370 1240 'eum
1394 1198 1459 1258 spe-

327 1281 455 1364 rasse²).
496 1281 612 1345 Deinde
634 1285 723 1345 etiam
739 1285 772 1345 in
792 1284 1317 1369 nniversasenteutiadeconstantia
1331 1286 1461 1368 quedam

326 1390 472 1457 moriendi
492 1391 593 1452 nuline
613 1393 648 1452 fit
668 1411 775 1465 sermo,
797 1389 850 1452 sed
870 1398 988 1452 tantum
1010 1391 1048 1452 de
1068 1393 1214 1478 supplicio
1235 1414 1363 1456 reorum.
1406 1394 1460 1455 Vi-

326 1500 435 1562 dentur
454 1499 648 1561 iilustres-iili
669 1499 783 1580 equites
805 1499 933 1559 Romani
954 1498 1045 1560 fuisse
1066 1499 1156 1580 plene
1177 1499 1236 1575 elii,
1252 1507 1343 1581 etque
1363 1501 1384 1560 ii
1407 1503 1459 1583 qui

326 1608 382 1669 hcc
396 1608 464 1668 loco
476 1614 631 1668 vocentur.
674 1605 764 1670 Unde
775 1615 876 1668 temen
888 1626 949 1668 non
962 1608 1098 1685 protinus
1113 1609 1315 1688 consequitur,
1336 1608 1459 1669 uomina

325 1715 431 1776 horum
452 1715 584 1794 equitum
607 1713 758 1787 excidisse,
777 1711 858 1793 quod
879 1721 965 1792 putat
985 1714 1117 1775 Ritterus
1138 1714 1158 1775 1.
1181 1735 1206 1775 c.
1228 1747 1269 1762 -

411 1823 605 1884 Pervenimus
628 1818 667 1880 ad
688 1819 805 1899 singula
825 1817 916 1880 verbs
936 1819 985 1880 vel
1006 1820 1160 1881 enuntiate
1180 1821 1212 1880 in
1233 1820 1313 1882 hunc
1333 1821 1456 1884 modum

324 1930 471 2013 particula
498 1942 524 1990 et
552 1929 721 2007 conjuncta.
762 1925 866 2007 Atque
887 1933 993 1987 uotum
1018 1934 1079 2002 cst,
1109 1946 1200 2007 saepe
1228 1926 1309 2008 apud
1329 1928 1456 1990 Latinos
1564 1971 1565 1974 ,

324 2038 466 2117 conjungi
488 2035 549 2097 duo
576 2033 741 2115 adjectiva,
770 2053 898 2114 quorum
926 2032 1052 2092 alterum
1074 2052 1112 2093 ex
1140 2032 1235 2096 altero
1258 2034 1373 2114 judicic
1404 2035 1454 2098 de·

323 2150 496 2227 promptum
518 2150 580 2215 est,
610 2142 654 2202 ita
674 2148 709 2202 ut
736 2141 896 2221 insequens
928 2137 1016 2199 eimtd
1045 2141 1257 2202 accuratiorem
1288 2143 1375 2222 primi
1403 2142 1453 2205 ad-

318 2251 422 2330 jectivi
444 2249 671 2329 explicationem
692 2245 798 2320 eddst,
828 2243 859 2306 id
881 2242 962 2325 quod
982 2245 1053 2306 adias
1083 2265 1138 2326 per
1159 2248 1313 2310 relativam
1335 2257 1452 2312 senten·

322 2357 393 2418 tiam
415 2355 541 2435 exprimi
562 2354 647 2415 solet.
688 2354 746 2415 Est
770 2354 860 2434 igitur
879 2351 1046 2430 generalior
1067 2371 1184 2433 semper
1203 2355 1300 2434 prima
1321 2358 1404 2417 notio
1414 2352 1452 2435 ³).
1565 2373 1566 2386 ¹

277 2507 278 2512 η
320 2461 499 2524 Praesertim
519 2461 614 2541 primo
636 2459 704 2520 loco
726 2458 1099 2538 inveniunturedjectiva,
1133 2479 1210 2542 quae
1230 2459 1268 2522 ed
1296 2481 1451 2524 nnmerum

320 2569 370 2630 vel
389 2566 623 2646 magnitudinem
644 2565 811 2643 pertinent,
841 2585 978 2647 quaeque
997 2567 1030 2628 in
1059 2575 1163 2629 nostre
1183 2567 1286 2646 lingua
1314 2589 1377 2630 uon
1398 2590 1449 2631 ex-

318 2674 421 2737 hibent
449 2675 568 2753 plenam
599 2669 734 2732 attributi
766 2672 928 2736 notionem.
978 2672 1070 2774 Apud
1092 2674 1231 2736 Tacitum
1258 2682 1360 2736 autem
1387 2695 1447 2757 quc
1548 2729 1551 2738 .

319 2779 424 2841 abierit
443 2779 493 2840 ille
514 2798 596 2853 usus,
614 2777 677 2854 jem
699 2776 861 2838 videamus.

404 2885 490 2946 Trita
511 2891 582 2948 sunt
601 2883 690 2945 hoec:
721 2880 803 2944 Anu.
825 2883 856 2958 I,
891 2887 926 2943 1:
960 2906 1056 2958 porros
1077 2896 1103 2944 ct
1123 2898 1247 2948 extrema.
1291 2887 1357 2963 111,
1393 2890 1447 2952 13:

317 3004 410 3054 veteru
430 3005 456 3051 ct
476 2994 581 3052 indata.
626 2991 705 3052 Hist
729 2989 778 3064 ΙΙ,
802 2991 859 3052 95:
888 3012 990 3066 mupoa
1010 3003 1036 3052 et
1055 2995 1157 3052 meaa
1177 2998 1281 3054 dodae.
1324 2995 1388 3071 IV,
1413 3000 1447 3059 7:

88 3084 90 3095 '
208 3134 212 3146 ·
317 3106 459 3161 caenae
495 3111 521 3160 a
555 3103 672 3170 rafam
703 3097 868 3158 oraim
899 3099 1083 3172 40:1›ao0a
1113 3110 1139 3158 c
1169 3104 1281 3162 meua
1311 3106 1447 3162 caraea.

316 3203 379 3266 Nos
401 3204 449 3266 vel
471 3203 584 3264 nuliam
605 3204 748 3283 ponimus
770 3204 1013 3283 conjunctionem
1035 3204 1083 3264 vel
1104 3224 1153 3266 eas
1175 3215 1356 3285 quaesunt:
1385 3207 1448 3268 und

316 3332 415 3386 suar,
443 3310 588 3384 ndmlich,
616 3309 665 3370 vel
688 3309 811 3372 relative
840 3310 988 3372 sententia
1014 3311 1133 3373 utimur.
1177 3310 1251 3390 Agr.
1274 3315 1331 3372 17:
1360 3319 1448 3374 mutto

312 3423 422 3494 proclia
443 3431 468 3478 ct
489 3421 643 3493 atterendo
656 3439 711 3476 aaa
731 3421 881 3476 thereme
907 3414 1026 3484 ,Geron
1041 3417 1095 3476 31:
1118 3429 1144 3477 et
1164 3423 1446 3481 diacononorum

312 3531 425 3602 populis
445 3537 609 3600 aucrpmcm
629 3545 696 3584 τωο
724 3536 750 3582 ct
773 3529 890 3599 pecata
917 3528 1047 3598 aquaque
1073 3531 1207 3586 audemia
1237 3535 1316 3602 epod
1336 3533 1446 3588 Chattos

312 3637 343 3690 ia
364 3653 519 3693 consensum
539 3635 626 3692 vertit
671 3631 728 3692 38:
755 3652 851 3688 rorem
880 3641 905 3688 ct
935 3635 1011 3689 intra
1034 3635 1168 3704 juventae
1191 3638 1318 3708 spatium.
1362 3635 1443 3696 Hist.

386 3863 413 3934 2)
432 3869 542 3932 Philolog.
561 3868 606 3919 roi.
628 3867 668 3930 19,
687 3882 738 3932 pag.
757 3866 817 3919 ato.

383 3956 414 4026 3)
432 3959 458 4009 id
474 3961 624 4026 NipperdeJ'ns
642 3960 762 4024 diffitetur3
782 3959 871 4026 quade
889 3973 969 4010 caussa
986 3958 1103 4010 incertum.

382 4050 412 4118 3)
431 4053 512 4102 Parum
530 4062 634 4105 accurate
659 4054 682 4104 id
699 4053 788 4105 videtur
806 4053 933 4118 exprimere
950 4051 1050 4105 Hundiue
1076 4066 1146 4118 quum
1166 4047 1441 4112 dicstTurs.11„476:

312 4143 427 4206 praecedit
444 4143 519 4208 primo
537 4145 587 4195 icco
605 4145 629 4195 id
647 4161 730 4197 nomen
748 4144 809 4211 qnod
827 4144 891 4195 uiuri
908 4143 1019 4206 inhaeret,
1037 4147 1130 4209 ejusque
1146 4143 1261 4194 uodonem
1279 4143 1401 4207 amplificat
1418 4150 1442 4193 et

310 4236 433 4288 constituit.
468 4237 526 4288 Num
543 4245 672 4303 postremae
690 4241 748 4292 duas
766 4238 1111 4303 sententieesibirepngnsn13
1129 4238 1152 4288 id
1170 4237 1230 4301 qued
1248 4236 1333 4288 uodoni
1351 4237 1440 4286 cuidem

308 4330 422 4392 inhaeret,
454 4345 505 4381 eum
530 4345 576 4382 nen
595 4332 716 4397 empiisscat
739 4333 780 4384 sed
804 4333 887 4384 medus
910 4331 1057 4394 constringit,
1083 4345 1130 4382 non
1154 4329 1270 4382 constituit
1292 4331 1334 4381 sed
1352 4337 1438 4382 tentmu

307 4419 391 4470 dessnit
1298 4411 1301 4420 ’
