3188 5252
703 343 742 408 93

138 513 274 589 gulorum
304 512 463 574 verborum
494 516 701 594 commissura,
740 515 879 581 Tacitum
911 517 1083 594 respexisse
1111 539 1172 580 nnn
1198 522 1281 583 vids·

137 629 193 692 tur,
226 622 278 700 qui
308 620 433 683 exhibet
463 619 542 684 Anu.
569 621 734 702 xvl,1e=
770 644 866 698 meque
894 627 985 697 ipsam
1013 629 1128 684 calidae
1157 633 1280 703 eepieeet,

139 733 310 803 alterumue
329 733 454 788 taedium
474 742 667 802 eeepeetmm.

224 833 365 912 Denique
394 834 420 892 si
449 832 636 920 requndent
665 831 722 893 sibi
752 831 921 912 particulae
952 853 1004 906 que
1025 865 1068 886 η·-
1090 849 1123 910 et,
1153 839 1200 898 vis
1232 840 1284 901 illa

139 939 356 1018 aequiparandi
385 947 416 1001 et
437 937 619 1000 excludendi
641 940 736 1015 magis
758 940 851 997 etiam
874 937 1000 1013 tollitur,
1028 944 1173 1020 quoniam
1192 948 1283 1024 parti-

139 1041 205 1102 cula
226 1063 279 1116 que
300 1062 359 1103 non
380 1045 447 1122 ipso
469 1044 554 1104 initio
566 1044 733 1122 sententiae
755 1043 854 1104 locum
869 1042 982 1105 habere
1004 1053 1115 1124 potest,
1137 1049 1193 1109 ssd
1215 1060 1285 1130 post

139 1127 267 1226 primum
291 1149 411 1212 demum
434 1149 624 1210 vocabulum.
668 1151 718 1210 Ex
748 1149 820 1211 sede
848 1158 951 1220 autem
972 1153 1141 1231 particulae
1161 1158 1208 1216 vis
1231 1159 1284 1218 hu·

136 1256 188 1332 jus
217 1257 343 1316 rationis
374 1275 414 1317 ex
447 1257 579 1315 maxima
614 1264 701 1334 perte
729 1256 854 1336 pendet.
909 1256 960 1315 Ite
991 1259 1113 1336 singule
1149 1263 1285 1326 membra

141 1361 238 1436 magis
270 1361 483 1438 adjunguntur,
521 1380 612 1442 quem
642 1369 850 1442 exaequantur
860 1357 893 1440 ¹).
944 1360 1072 1422 Accedit
1108 1365 1286 1446 plerumque

142 1485 194 1540 que
222 1466 261 1528 ad
293 1487 459 1546 prenomen
492 1467 656 1547 quoddam,
692 1466 774 1528 Aun.
804 1468 878 1543 XII,
907 1469 962 1530 37:
994 1471 1104 1544 speque
1130 1483 1156 1531 et
1177 1480 1289 1548 cooiuqi

142 1586 168 1634 et
189 1579 333 1639 mmmmm.
377 1576 457 1636 Hist.
480 1576 537 1638 lv.
572 1579 717 1652 litaeque
746 1588 772 1636 et
802 1583 932 1636 retortu.
975 1572 1032 1652 IV,
1063 1581 1121 1639 34:
1157 1603 1239 1656 ecque
1261 1595 1286 1642 et

139 1687 291 1755 prosimos.
335 1684 392 1743 42:
421 1703 503 1758 esque
523 1695 549 1742 et
570 1689 715 1742 delmoreu
760 1682 840 1743 Anu.
863 1682 888 1757 l,
911 1684 946 1744 4:
981 1705 1063 1768 sequte
1082 1698 1109 1745 et
1129 1693 1241 1746 domum
1260 1701 1286 1748 et
1310 1747 1314 1754 ,

140 1807 241 1858 pacem
261 1793 432 1850 mutenteeit.
479 1793 535 1852 71:
564 1794 670 1864 sitique
690 1801 716 1848 et
734 1794 845 1864 proelio
859 1795 1009 1864 firmetur..
1047 1789 1121 1861 XII,
1144 1793 1201 1850 60:
1224 1796 1288 1850 eidi-

146 1913 199 1964 que
220 1903 245 1950 et
266 1897 377 1966 eptem.
421 1895 504 1954 Raro
527 1893 567 1954 ad
590 1893 672 1954 aliud
695 1895 830 1954 verbum.
874 1894 955 1953 Ann.
977 1893 1063 1970 XIV,
1087 1897 1143 1954 31:
1164 1917 1289 1970 requirun-

147 2019 199 2071 que
225 2011 252 2060 et
279 2006 390 2060 domum
417 1997 543 2077 aaafflu
593 2001 674 2077 Quin
711 2003 801 2060 etiam
830 2001 1023 2060 inveniuntur
1051 2002 1207 2060 enuntiata
1235 2021 1290 2080 per

148 2125 200 2177 que
221 2127 320 2166 v-uc
340 2109 520 2185 composita:
543 2107 624 2166 Hist.
648 2107 716 2180 ΠΙ,
730 2108 787 2166 63;
809 2127 891 2180 seque
913 2127 947 2164 ec
968 2109 1068 2165 liberos
1088 2128 1159 2166 euos.
1206 2107 1290 2165 Loco

149 2212 201 2290 qui
223 2213 333 2288 legitur
361 2213 442 2274 Anu.
464 2215 520 2290 IV,
551 2217 587 2275 3¹:
614 2223 751 2288 seqtte-oc
770 2219 892 2287 maiorm
911 2225 937 2273 et
955 2224 1089 2287 posteros,
1118 2213 1290 2293 Nipperde-

145 2319 197 2395 jue
228 2319 323 2379 verba
343 2325 474 2393 *majores
495 2333 521 2380 et
539 2333 665 2396 posteros
692 2328 846 2400 tamquam
878 2339 968 2379 unam
991 2321 1144 2380 notionem
1178 2322 1290 2401 opponi

108 2439 110 2442 ·
150 2433 253 2485 censet
284 2425 379 2486 verbo
400 2448 437 2502 ee,
470 2427 513 2485 ite
533 2434 568 2485 ut
589 2447 641 2499 que
663 2433 694 2484 ct
716 2445 751 2482 ee
771 2423 829 2484 sibi
850 2423 1064 2503 respondeant,
1095 2446 1201 2488 verum
1223 2449 1292 2506 par·

151 2533 246 2592 ticula
264 2544 291 2590 et
310 2539 429 2592 tantum
452 2529 662 2592 connectendis
686 2528 803 2590 duobus
824 2527 924 2590 verbis
942 2529 1097 2591 inserviat.
1139 2531 1202 2593 Sed
1222 2551 1292 2613 pos-

153 2645 223 2695 sunt
244 2637 334 2696 etiam
357 2639 459 2697 omnia
489 2656 528 2697 ex
549 2655 648 2715 aeque
671 2634 753 2696 dicta
774 2653 850 2707 esee,
886 2635 930 2692 ita
957 2641 990 2695 ut
1012 2634 1068 2696 sibi
1090 2636 1294 2716 respondeant

153 2765 205 2817 que
227 2777 268 2790 -
291 2766 326 2804 ac
346 2777 390 2790 -
411 2758 453 2819 ee,-
489 2746 668 2824 ceteroquin·
697 2745 776 2805 enim
812 2743 950 2823 suspicor
984 2743 1123 2803 Tacitum
1167 2744 1293 2806 dixisse:

153 2856 274 2924 maiores
301 2865 487 2928 posterosque.
543 2851 650 2912 Tertia
690 2853 817 2929 cogitari
854 2858 956 2930 potest
986 2851 1149 2930 explicatio
1182 2873 1228 2927 ea,
1261 2862 1295 2914 ut

153 2977 183 3016 ee
204 2966 235 3017 et
259 2963 380 3032 maiores
408 2958 448 3020 ad
478 2977 569 3019 unam
603 2965 712 3018 coeant
743 2959 906 3032 notionem,
941 2965 973 3018 et
1002 2957 1059 3018 sibi
1092 2960 1296 3040 respondeant

156 3085 271 3136 que-
293 3077 326 3124 et.
371 3064 455 3128 Oerti
485 3063 558 3145 quid
589 3071 723 3123 statuere
752 3083 813 3123 non
845 3066 950 3123 ausim.
972 3097 1014 3146 7-
1037 3063 1118 3124 Ann.
1148 3065 1204 3140 lv,
1235 3068 1294 3126 34:

156 3184 182 3232 et
201 3185 315 3248 uterque
336 3177 486 3248 opitmque
507 3185 589 3246 atque
609 3175 755 3230 decoratae
772 3175 943 3246 persiquere,
975 3181 1074 3233 utrum
1098 3192 1165 3232 cum
1187 3172 1296 3232 Acida-

234 3369 265 3436 1)
285 3371 323 3420 Sic
340 3371 433 3442 delendi
449 3378 535 3434 potest,
558 3371 619 3435 quod
637 3371 691 3421 dicit
709 3371 812 3422 Tibullus
830 3367 864 3432 ll,
878 3371 903 3430 4,
925 3372 972 3422 17:
1000 3388 1060 3424 uec
1077 3372 1163 3435 refero
1180 3371 1299 3438 solisque

158 3461 214 3512 ciue
231 3470 259 3513 et
276 3463 367 3528 qualis,
398 3463 441 3513 uli
460 3463 543 3512 ortem
565 3463 806 3530 complevitque:
827 3463 901 3517 tuna
918 3464 1030 3516 recurrit
1047 3464 1125 3530 equis,
1153 3478 1223 3527 quum
1242 3479 1299 3528 pro-

159 3551 208 3614 prie
226 3559 280 3614 post
298 3552 442 3613 negationem
461 3552 534 3603 latini
546 3553 606 3604 hene
625 3551 714 3602 dicendi
725 3552 837 3604 rationem
856 3567 951 3618 prorsus
969 3559 1087 3616 respuant.
1123 3552 1169 3602 Sed
1188 3569 1235 3604 non
1254 3553 1299 3602 du-

158 3645 215 3704 bito,
240 3643 294 3707 quin
318 3660 388 3708 quum
407 3645 458 3694 aliis
481 3645 568 3695 caussis
592 3652 641 3695 tum
668 3645 734 3703 etiem
760 3645 827 3706 metri
851 3645 985 3694 necessitate
1008 3645 1119 3695 adductus
1143 3645 1246 3695 'libullns
1269 3646 1300 3694 ite

161 3738 288 3800 scripserit,
315 3738 464 3802 videnturque
483 3738 519 3787 hic
536 3753 606 3802 posse
625 3737 766 3801 deprehendi
796 3738 871 3802 prims
889 3753 915 3786 ac
933 3735 1047 3786 levissima
1066 3737 1158 3799 vestigia
1177 3740 1225 3800 ejus
1243 3751 1301 3786 con-

163 3829 290 3878 suetudinis
316 3843 342 3880 ex
362 3843 406 3893 qne
430 3837 512 3894 poetae
537 3827 746 3879 recentissimorum
771 3829 914 3879 saeculorum
939 3827 1062 3890 ineleganti
1085 3843 1111 3878 ac
1135 3829 1183 3877 lere
1201 3828 1300 3877 berham

163 3921 232 3968 modo
257 3937 304 3986 que
321 3929 449 3984 posucmut
476 3920 587 3985 expletive
611 3935 739 3970 assensus
761 3902 850 3969 ratione
874 3919 936 3968 nulla
954 3919 1039 3969 habita.
1075 3920 1168 3969 Veteres
1187 3933 1301 3981 gramme-

164 4012 203 4062 tici
221 4012 245 4062 id
268 4015 297 4064 alr
323 4014 414 4078 optimis
441 4029 531 4078 quoque
553 4013 631 4078 poetis
658 4015 743 4064 lactum
768 4028 818 4064 esse
843 4012 1006 4075 judicaverunt,
1035 4019 1060 4062 ut
1079 4012 1203 4071 Charisius,
1232 4027 1301 4075 quum

164 4101 223 4168 dicet
252 4099 362 4168 (gramm
380 4103 444 4156 latin.
463 4103 502 4164 ΙΙΙ,
527 4101 561 4152 93
580 4117 608 4152 ex
626 4117 714 4155 recens.
732 4102 827 4168 lleiliil:
868 4118 915 4168 que
939 4101 1052 4151 invenitur
1077 4103 1144 4152 etism
1167 4101 1303 4164 completiva
1399 4087 1406 4098 ’

165 4201 189 4243 nt
207 4196 335 4256 Vergilius:
374 4193 429 4261 (ΙΙΙ,
456 4190 537 4260 tow:
582 4193 789 4261 Alcandrumque
814 4193 965 4260 Haliumque
1002 4193 1180 4258 Noemonaque
1209 4192 1304 4260 Pryta-

165 4286 275 4353 nimque.
295 4315 328 4324 --

240 4377 269 4446 2)
287 4379 352 4442 Apud
377 4387 455 4442 poetes
479 4387 502 4428 et
525 4379 562 4429 hic
586 4394 642 4428 usus
668 4379 756 4427 creber.
793 4379 858 4430 Ouid.
877 4395 949 4429 amer.
969 4379 1008 4438 ΙΙΙ,
1033 4377 1058 4440 8,
1077 4377 1125 4429 37:
1154 4395 1265 4446 uereque
1284 4385 1309 4428 et

168 4481 308 4540 arqeutum.
