3188 5252
683 313 722 371 te

134 483 278 560 sehisgeu
294 477 524 565 eusgeftihrt)¹i.
554 517 587 527 -·
613 495 690 541 ustus
711 482 792 562 apud
801 483 838 541 Τ.
861 500 980 560 sempor
1002 482 1039 542 ed
1062 482 1171 542 bellum
1190 503 1274 562 spee-

133 587 215 668 tet2).
264 595 347 650 ·Ann.
370 586 406 662 li,
429 593 488 650 20:
509 594 579 649 nituit
599 613 632 649 ee
652 595 695 648 tris
717 594 833 648 Caesoni
851 593 1033 664 insonitum
1057 593 1175 649 condia
1194 596 1275 665 meos,

129 709 264 773 prompta
289 701 399 757 oeoulta
420 710 542 770 emerat,
564 710 692 772 ammone
707 701 822 756 hostiam
842 701 873 754 in
890 700 1041 770 perniciem
1054 701 1123 771 ipses
1143 701 1271 756 uertebat.

133 805 206 877 XII,
236 806 297 864 33:
331 811 382 863 sed
405 817 462 862 tum
484 809 685 864 adulatorum
711 811 817 876 fraude
834 809 935 878 prior,
957 809 988 864 ιη’
1004 809 1121 863 metitum
1140 809 1268 878 inferior,

134 921 271 984 truttefert
294 917 393 972 beilum
413 917 443 969 in
465 907 663 994 Ordooieos3).
708 907 776 983 Xil,
800 914 856 972 45:
889 916 960 971 mttt
981 925 1039 971 tam
1059 917 1187 986 ipnormm
1207 919 1271 972 bur·

135 1027 219 1095 boris,
244 1043 329 1095 quam
349 1024 571 1078 machinamenta
592 1031 618 1078 et
639 1031 716 1078 aetus
736 1025 979 1094 oppupnatt'onum.
1002 1053 1045 1065 -
1068 1021 1146 1082 Anu.
1169 1015 1206 1096 ll,
1231 1022 1273 1080 64

137 1129 286 1205 significet
308 1128 471 1200 machiner,
498 1147 575 1207 quae
598 1127 637 1186 ed
660 1126 815 1187 vitandum
840 1127 952 1187 bellurn
970 1137 1140 1194 struuntur:
1163 1133 1278 1188 iaetmre

139 1238 254 1306 iidemu,
286 1237 354 1307 quia
370 1254 470 1308 paoem
491 1236 631 1307 sapientia
646 1239 820 1306 firmaverat,
852 1255 935 1306 qnam
966 1236 993 1290 st'
1013 1237 1111 1291 beilum
1131 1253 1184 1307 per
1206 1237 1278 1292 uuiet

136 1346 305 1417 confecisset.
335 1345 420 1415 ipitur
440 1345 631 1415 Rhescuporim
653 1361 766 1414 quoque,
798 1344 950 1398 strateius
980 1361 1071 1414 repem
1098 1352 1162 1398 amn
1178 1347 1278 1415 adpre-

136 1456 220 1510 ditm.
267 1447 318 1509 Sia
349 1450 439 1509 etium
464 1459 567 1509 nostro
590 1448 656 1507 loeo
679 1458 854 1526 usurpatum
878 1448 1009 1507 videtur.
1032 1481 1073 1493 -—
1097 1448 1166 1507 Non
1189 1447 1277 1508 silen-

137 1559 179 1616 tio
189 1555 491 1636 praetermittendum
514 1563 569 1629 eet¹
601 1555 739 1613 Tacitum
763 1555 811 1612 hie
833 1554 929 1613 videri
952 1556 1100 1614 imitatum
1122 1573 1190 1614 esse
1211 1574 1277 1615 ver·

138 1686 202 1724 sum
225 1665 444 1740 Vergilianum,
468 1665 520 1743 qui
543 1663 660 1739 legetur
682 1664 760 1722 Aen.
782 1657 836 1734 ΧΙ,
861 1663 939 1722 704;
964 1667 1078 1722 oonsilio
1098 1684 1209 1723 rorare
1229 1671 1278 1724 rto-

138 1777 178 1832 tos
199 1777 338 1845 inpressum
354 1784 379 1830 et
401 1783 463 1830 asto
491 1780 583 1851 etque
617 1770 769 1829 simillime
790 1769 876 1828 illum'
897 1771 1121 1844 significatione.
1144 1807 1185 1818 —
1208 1771 1278 1832 Vox

33 1879 34 1884 ’
139 1885 258 1940 nuntiae
288 1879 369 1960 (num
393 1881 484 1938 etium
508 1879 652 1954 singulari
675 1897 799 1938 numero
823 1878 902 1956 apud
926 1878 965 1936 T.
987 1881 1167 1952 invenietur,
1201 1900 1277 1939 nuno

139 1993 237 2069 ipsum
269 2007 329 2047 non
362 1987 458 2048 habeo
482 1989 511 2046 in
534 1988 693 2066 memorie)
727 1996 888 2065 usurpetur
920 1990 955 2046 de
979 1986 1106 2047 fallaciis
1130 1998 1160 2046 et
1182 2007 1277 2066 pravo

140 2119 228 2168 senen
251 2093 406 2176 (Rinke):
440 2097 521 2155 Ann.
542 2090 625 2169 Xlll,
657 2096 714 2155 38:
746 2100 903 2170 mirumque
924 2101 1092 2171 mortalium,
1114 2102 1215 2156 nedum
1235 2118 1279 2155 oe·

139 2211 191 2264 ttrt'
219 2217 246 2264 et
264 2208 387 2279 provido
408 2207 482 2277 duri,
515 2208 652 2261 barbarae
674 2208 793 2262 astutiae
811 2209 983 2278 potuissent:
1015 2209 1079 2265 ideo
1101 2217 1193 2264 artum
1214 2208 1279 2262 inde

138 2337 280 2374 numerum
294 2318 378 2387 finiri
398 2326 423 2372 et
445 2316 510 2371 hino
539 2316 672 2384 maiorem
693 2316 795 2387 offerri,
836 2325 866 2370 ut
897 2319 978 2372 dotus
996 2327 1159 2389 pararetur.
1190 2319 1279 2388 dous,

141 2434 172 2480 nt
193 2423 250 2481 hoo
273 2423 340 2500 ipso
362 2420 428 2479 loeo
451 2419 566 2506 videas,
600 2439 717 2498 semper
748 2420 908 2479 adhibetur
940 2422 1033 2499 ipsius
1057 2425 1162 2495 faeti
1178 2420 1280 2482 dolosi

140 2539 279 2610 respectu
301 2529 413 2602 habito,
445 2529 474 2588 id
507 2527 589 2608 quod
618 2547 780 2605 cognosere
808 2529 890 2588 hisee
912 2529 1075 2607 exemplis:
1108 2529 1187 2587 Ann.
1211 2524 1281 2598 ΧΙΙ,
1360 2515 1366 2522 ’

142 2643 199 2700 3-2ε
227 2661 284 2698 nott
305 2642 383 2697 ausis
404 2641 627 2711 ueiemttostibue,
655 2641 699 2695 uel
719 2640 745 2694 si
765 2659 797 2695 ert
818 2641 922 2695 oeoudo
945 2657 1061 2710 sarpere
1083 2658 1181 2710 apmen
1194 2648 1278 2711 temp·

33 2733 35 2744 ¹
140 2759 239 2821 tarent,
265 2749 363 2820 punito
384 2750 456 2804 dolo.
502 2745 560 2802 44:
594 2749 645 2802 sed
664 2747 720 2802 rim
741 2747 933 2818 differendam,
971 2755 997 2803 et
1013 2747 1151 2819 potiorem
1173 2748 1277 2818 delun,

141 2878 194 2932 prro
214 2860 355 2913 inoautmn
377 2857 569 2928 opprimerent.
638 2854 695 2912 66:
726 2874 760 2910 ne
782 2859 909 2910 admotus
929 2856 1064 2926 sumemis
1086 2855 1233 2924 Claudius,
1255 2865 1281 2911 et

141 2969 206 3022 doio
224 2967 362 3042 intellecto
383 2967 423 3018 ud
445 2981 566 3018 amorem
581 2964 642 3032 flttt
661 2964 772 3019 rediret.
816 2955 898 3025 ΧΙΙΙ.
929 2965 962 3018 1;
992 2965 1090 3034 primo
1111 2981 1181 3020 moro
1198 2965 1279 3035 prin-

141 3077 237 3146 etpata
265 3093 340 3129 mors
366 3073 450 3128 Junii
470 3071 567 3126 Silani
586 3101 628 3113 -
646 3091 701 3145 per
729 3074 824 3129 dotum
846 3073 1023 3144 Apripptitae
1039 3081 1173 3145 paratur.
1219 3073 1281 3130 16:

142 3199 175 3235 ne
196 3179 364 3235 omitteretur
386 3178 539 3232 institutum
565 3187 614 3232 aut
634 3180 776 3250 utriusque
797 3185 883 3233 morte
899 3180 1067 3248 proderetur
1089 3179 1185 3247 scelus,
1214 3179 1282 3233 tatis

143 3287 224 3340 dotas
254 3292 380 3354 repertos
405 3293 454 3339 est.
487 3315 524 3324 —-
557 3280 697 3361 Denique
727 3283 756 3340 in
787 3281 936 3340 vocabulo
968 3288 1052 3352 fram
1075 3281 1165 3338 etiam
1187 3279 1283 3355 magis

215 3460 245 3530 1)
263 3479 356 3513 manus
378 3477 425 3512 non
453 3463 533 3513 natare
551 3463 650 3527 positum
673 3463 702 3514 de
719 3463 814 3512 militum
840 3462 913 3526 copie,
942 3462 990 3522 sed,
1022 3467 1048 3509 ut
1071 3473 1139 3522 suepe
1167 3459 1228 3522 apud
1246 3461 1282 3524 T„

142 3571 211 3605 sensu
230 3555 337 3618 genuino.
374 3556 434 3605 Hist.
453 3555 493 3617 ΙΙΙ,
523 3553 567 3606 10:
598 3555 634 3606 ad
656 3555 708 3606 telo¹
731 3564 756 3606 et
779 3573 872 3606 manus
891 3553 1045 3605 transitaret.
1072 3553 1101 3601 oi.
1122 3551 1190 3602 Germ
1210 3550 1242 3601 tt
1262 3561 1285 3602 et

143 3647 260 3696 Kritzium.
280 3674 313 3684 —-·
333 3646 360 3714 2)
379 3648 456 3712 ltaque
476 3647 535 3697 dnn.
553 3647 610 3714 XIV,
637 3646 662 3709 2,
681 3648 720 3698 ubi
738 3649 794 3698 hueo
812 3647 972 3696 inveniuntur:
997 3644 1156 3709 ejusdemque
1180 3644 1285 3696 libertae

143 3747 200 3788 astu
220 3738 358 3800 disjectum,
384 3738 466 3788 mutate
491 3738 580 3788 ridetur
606 3740 690 3789 dietum
718 3755 770 3790 esse
793 3740 919 3798 reiteste,
947 3743 973 3785 ut
997 3748 1041 3784 nos
1066 3748 1158 3798 quoque
1176 3733 1285 3784 dicimus:

144 3829 270 3891 liriegsiist
299 3830 342 3879 etsi
361 3830 389 3879 de
407 3845 462 3880 rere
480 3831 540 3880 hello
558 3846 606 3880 non
624 3833 707 3893 egitur.
742 3833 813 3894 Magis
830 3829 930 3895 generali
948 3841 1018 3903 sensu
1037 3826 1169 3890 adieetirum
1190 3835 1287 3878 astutus

144 3929 215 3972 exstet
233 3922 313 3974 Germ.
331 3921 373 3972 22.
391 3948 426 3959 —
446 3922 472 3992 3)
492 3923 549 3973 Mete
567 3923 656 3974 ridetur
673 3925 775 3975 Hereum
794 3932 852 3974 astu
875 3921 940 3970 uncis
957 3919 1085 3980 neeesse,
1110 3918 1244 3968 vocabulum
1262 3927 1286 3968 ut

144 4014 199 4066 alies
217 4028 295 4066 rurum
312 4014 346 4063 iu
363 4013 441 4077 utique
458 4015 608 4078 Troitinump
627 4016 686 4066 mule
713 4017 779 4067 etiem
797 4015 900 4066 Halmius
918 4013 1013 4076 froude
1032 4027 1045 4060 e
1063 4011 1137 4060 medio
1155 4011 1284 4074 sustulisse,

144 4121 213 4171 quum
224 4106 351 4157 tororum
367 4107 462 4170 [rande
479 4108 565 4171 optime
582 4108 677 4170 ditetur,
697 4117 722 4160 ut
740 4107 839 4158 ostendit
857 4105 1015 4170 Nipperdejus.
1051 4103 1124 4166 Hujus
1142 4116 1196 4151 vero
1214 4101 1285 4152 inter-

142 4199 306 4262 pretationem:
328 4212 357 4247 un
388 4199 518 4249 Sethuheit
533 4201 605 4249 durch
624 4201 659 4250 die
678 4200 754 4250 Tueire
772 4199 813 4248 des
831 4197 938 4246 Terreins
955 4195 1086 4256 uberiorem
1111 4208 1158 4243 non
1175 4195 1285 4257 intelligo.

144 4289 169 4338 Si
185 4289 288 4339 locorum
313 4289 483 4353 importunitate
500 4291 606 4354 superior
624 4299 681 4354 eret,
705 4291 729 4340 id
747 4297 808 4340 eerte
826 4305 873 4338 non
891 4288 1037 4338 tribuendum
1072 4293 1120 4358 erut
1138 4302 1193 4337 sure
1211 4287 1284 4351 ipsius

146 4380 268 4430 calliditati.
304 4381 371 4430 Recte
388 4381 520 4443 Rupertium
538 4391 595 4432 astu
622 4396 673 4432 cum
692 4382 817 4445 transfert
840 4381 984 4444 conjunxisse
1010 4380 1076 4430 duoo.
1112 4379 1144 4429 dc
1166 4388 1242 4430 tumen
1260 4380 1284 4428 in

144 4469 257 4532 positione
270 4470 333 4519 dubii
351 4469 434 4533 aliquid
450 4478 560 4532 remanet,
580 4471 740 4534 quaeriturque
749 4485 826 4521 nonne
837 4479 891 4520 ente
902 4464 1027 4535 transfert
1037 4471 1233 4534 transponendum
1246 4470 1284 4519 sit.
