3188 5252
661 325 721 388 151

118 508 207 562 rebat.
229 500 285 573 vt,
311 499 361 560 35.
382 497 466 573 XIV,
489 500 521 559 5.
564 498 632 577 Vel,
656 507 690 559 at
711 504 770 572 sed,
792 498 919 558 instituit
941 497 1143 568 enuntiatum,
1179 497 1260 576 quod

119 631 162 670 ax
186 609 312 668 varitate
334 625 397 668 rsur
432 607 528 683 ipsam
557 605 674 684 profert
704 604 849 665 adversus
880 604 984 664 falsam
1015 604 1164 684 quandam
1195 623 1260 682 spe-

120 721 216 778 ciem:
238 716 316 776 Anu.
338 716 397 788 XI,
423 717 473 786 12,
496 713 546 773 val
565 715 630 772 vieo
653 733 759 774 versa:
796 715 859 788 xl,
881 716 915 775 4:
946 737 1046 774 aeaeae
1074 719 1147 772 aesia
1169 734 1201 772 ee
1221 735 1260 786 eo,

121 832 199 899 arrad
220 831 331 884 mam
351 845 432 882 aram
454 827 601 882 Mnesteris
629 835 654 881 et
678 827 829 897 Poppaeae
858 827 1044 896 eoapreaailas
1063 826 1261 896 praebaieaaat.

120 953 217 990 aarum
238 942 387 990 aeetaraae
408 934 508 1004 quietis
529 934 634 1004 speeies
656 935 740 990 alteri
760 935 873 1004 abjecta.
955 1001 961 1014 Ι

211 1037 243 1098 Si
265 1036 412 1113 digressio
435 1035 583 1116 quaedam
606 1036 687 1094 faeta
710 1043 764 1106 est,
788 1057 842 1114 per
864 1035 1080 1095 rerumreditur
1102 1035 1139 1094 ad
1163 1054 1260 1094 rerum

120 1143 269 1217 ordinem,
293 1145 438 1222 querius
461 1142 635 1222 plerumque
658 1141 824 1221 iunguntur
845 1150 896 1202 aea
917 1150 1008 1222 atqua
1031 1155 1159 1201 ceteram:
1182 1141 1260 1200 Ano.

120 1249 182 1322 IV,
208 1251 267 1310 71:
304 1271 398 1306 aeram
429 1253 481 1306 lae
510 1259 592 1320 atque
613 1251 688 1306 aliae
716 1252 834 1306 suetiam
851 1269 958 1322 poeaaa
978 1252 1009 1304 ia
1030 1260 1149 1321 tempore
1168 1253 1262 1304 tracte·

119 1379 191 1415 aeae.
214 1391 254 1400 —-
279 1356 418 1435 Denique
440 1355 579 1433 designat
601 1375 701 1414 aeram
724 1357 945 1434 oppositionem
968 1351 1019 1428 Vt,
1043 1356 1092 1423 50,
1116 1355 1187 1431 XV,
1211 1357 1261 1413 10.

122 1499 167 1510 -
190 1464 341 1525 Particula
361 1487 455 1524 aeram
477 1477 568 1522 tamea
589 1464 713 1522 Tacitus
735 1483 795 1523 non
818 1465 911 1523 utitur
922 1459 953 1545 ¹).

211 1569 243 1633 8.
265 1571 373 1630 Paullo
394 1569 485 1629 iatius
507 1577 592 1649 patet
615 1589 685 1628 usus
700 1569 865 1648 partieulaa
885 1577 944 1628 sect.
977 1571 1108 1629 Primum
1124 1567 1161 1629 da
1180 1589 1263 1628 mora

122 1680 324 1760 appositione.
371 1676 473 1738 Germ.
499 1679 556 1736 29:
593 1700 647 1736 aaa
668 1683 783 1736 maltam
804 1699 836 1736 aa·
857 1682 938 1752 ripa,
960 1685 1010 1736 aad
1031 1682 1151 1736 iaealam
1173 1681 1265 1736 Rheni

124 1793 215 1846 amaia
244 1791 336 1846 uoluat
364 1791 501 1860 (dapeyea
531 1789 618 1858 aber).
662 1788 720 1844 42:
748 1791 808 1858 iata
837 1798 862 1844 et
891 1798 1012 1844 eeteraos
1029 1790 1184 1859 patiantur.
1214 1791 1265 1844 secl

124 1901 167 1956 eie
187 1909 213 1955 et
230 1899 357 1970 potantia
378 1899 486 1968 repibas
508 1915 541 1952 ea
563 1900 727 1962 auctoritate
747 1901 887 1954 Romana.
923 1897 982 1954 43:
1008 1898 1153 1968 praesidet
1173 1916 1264 1954 saeer-

122 2011 177 2062 clos
198 2005 327 2062 muliebri
347 2014 468 2073 mata:
489 2007 539 2059 aed
561 2007 627 2061 deae
647 2007 871 2076 interpretatione
887 2009 1017 2062 Iloraaaa
1039 2007 1178 2063 Castorem
1199 2007 1263 2062 Pol·

122 2117 265 2184 laeemqae
301 2122 459 2170 memoraret.
505 2109 585 2168 Hist.
619 2105 676 2184 ΙΙΙ,
706 2110 765 2170 55:
799 2115 841 2170 tte
871 2116 976 2169 tributa
1004 2115 1142 2170 dimittere
1149 2157 1157 2185 ,
1193 2115 1264 2172 alios

122 2222 341 2278 immtmitatibaa
359 2222 474 2291 juvare,
510 2222 628 2292 deaiqaa
660 2223 740 2278 aella
761 2224 950 2294 inposterum
977 2241 1047 2278 eura
1068 2226 1193 2279 lacerare
1215 2225 1264 2278 im-

119 2332 233 2404 perium
252 2331 303 2384 aad
323 2330 421 2398 eatque
443 2332 485 2383 ad
508 2330 727 2398 mapaitaeliaem
748 2332 938 2402 beneficiorum
968 2333 1071 2386 hiabat.
1127 2325 1264 2400 Quocum

123 2456 181 2498 usu
201 2433 342 2496 cohaeret
362 2433 397 2502 is,
420 2451 457 2491 ax
478 2453 538 2512 quo
560 2433 616 2492 sibi
639 2440 831 2512 opponuntur
853 2434 1036 2508 sententiae,
1074 2455 1199 2514 quarum
1222 2436 1264 2494 al-

124 2554 192 2604 tura
213 2540 327 2600 indicat
349 2559 410 2599 rem
443 2548 475 2598 ut
504 2558 611 2598 revera
634 2539 797 2619 sehabet,
834 2540 929 2600 altera
956 2528 1085 2619 speeiem
1115 2541 1265 2620 quandam

124 2648 176 2708 val
198 2648 373 2706 obtentum:
397 2647 476 2706 Hist.
499 2640 535 2718 ΙΙ,
560 2649 615 2704 71:
637 2653 688 2704 aad
710 2650 784 2705 alias
801 2653 920 2721 protulit
942 2671 1051 2706 causas.
1073 2648 1128 2720 IV,
1151 2650 1185 2707 4:
1216 2655 1266 2708 serl

124 2763 156 2816 ia
177 2761 327 2816 Sarmatas
354 2760 491 2829 aspeditlo
520 2759 683 2828 fiapelatar.
738 2755 793 2828 IV,
818 2756 875 2816 50:
912 2762 962 2815 aaa
983 2761 1093 2816 Pisaeis
1122 2762 1267 2816 satellitem

124 2871 242 2925 eoeahat
263 2872 321 2926 eet.
344 2865 367 2938 Ι,
391 2867 450 2923 81;
474 2885 535 2942 aare
557 2868 662 2922 timeret
682 2868 753 2923 otto
773 2867 925 2924 timebatea.
947 2871 1089 2924 eadhaed
1109 2887 1188 2924 saeua
1209 2870 1265 2924 elis-

125 2974 239 3030 eriraiae
260 2983 371 3028 :eremas
393 2989 477 3042 qaam
508 2991 558 3034 sao
587 2972 699 3027 territas
720 2981 768 3032 est.
814 2965 863 3044 ΙΙΙ,
887 2973 925 3030 8:
961 2974 1131 3030 iaaaeatara
1163 2983 1188 3029 et
1208 2975 1267 3029 aiae
1326 3033 1330 3046 ¹

127 3083 203 3136 taeta
223 3081 368 3138 uictoriam
389 3091 414 3136 et
436 3080 496 3135 alia
517 3081 707 3149 hujuscemodi
726 3085 927 3154 praeterendo,
957 3086 1007 3137 sect
1027 3084 1134 3153 pieriae
1156 3084 1265 3152 auidas,

127 3199 210 3261 atque
229 3209 307 3246 omae
329 3191 395 3245 belli
414 3192 497 3244 decas
517 3188 571 3243 eibi
590 3189 716 3244 retiaaas.
762 3180 838 3246 Anu.
861 3187 931 3260 XV,
955 3190 1014 3246 71:
1036 3193 1150 3261 pellitur
1172 3193 1265 3246 etBa-

124 3300 201 3367 friae
222 3299 367 3369 Orispiaas
391 3297 532 3354 oeeaaiaae
553 3297 760 3366 eaajaratieaie,
789 3301 839 3353 aad
860 3278 968 3354 Neroai
994 3300 1105 3353 inuisae.
1161 3293 1266 3354 Simile

126 3402 200 3482 quid
221 3402 383 3462 indicatum
417 3401 528 3460 hubas:
551 3401 638 3485 Hier.
660 3400 693 3473 Ι,
716 3402 774 3460 66:
812 3407 862 3460 aed
878 3409 962 3474 farae
989 3414 1117 3460 cerateas
1132 3406 1201 3475 fait
1225 3437 1265 3446 -

126 3512 228 3570 Etiam
253 3510 370 3587 singula
391 3508 539 3568 voeabula
560 3509 718 3589 plurifaria
750 3509 807 3568 sibi
837 3529 891 3588 per
912 3517 963 3568 aad
984 3517 1193 3587 opponuntur,
1224 3513 1268 3573 ita

128 3626 160 3676 ut
184 3627 300 3676 mutare
323 3636 382 3674 non
406 3617 510 3688 ausim,
549 3617 685 3695 quamvis
709 3617 829 3694 saepius
860 3618 898 3674 sit
920 3610 992 3694 θεῖ).
1029 3615 1108 3676 Hist.
1132 3611 1185 3689 IV,
1210 3620 1267 3678 20:

126 3729 232 3798 ipaaea
252 3730 302 3783 aad
327 3745 435 3797 prosas
466 3734 529 3780 eale
559 3727 716 3796 perieulum
746 3745 854 3782 manae.
891 3725 949 3783 79:
981 3727 1093 3780 modica
1125 3734 1151 3780 et
1173 3728 1269 3783 erebra
1358 3727 1360 3744 '

127 3837 244 3889 damae.
289 3830 369 3890 Anu.
391 3830 413 3900 Ι,
439 3831 479 3888 13
503 3828 620 3886 variant
642 3834 696 3887 aad
718 3838 809 3906 atqua
832 3839 873 3884 et:
894 3831 1034 3902 Lepidam
1055 3851 1186 3903 eapaeera
1206 3839 1269 3890 aad

203 4087 231 4154 i)
249 4087 469 4150 Frequentissiurum
490 4087 546 4136 iliud
566 4087 617 4138 uisi
635 4087 701 4154 qaod
727 4101 794 4149 saepe
819 4087 842 4135 in
868 4086 1056 4148 significationem
1081 4084 1202 4149 particulae
1230 4084 1272 4133 ad-

129 4180 255 4232 versativae
273 4180 430 4230 eteoereentis
449 4179 548 4240 abiisse,
568 4180 671 4243 pluribus
691 4179 821 4229 horninibus
840 4179 911 4229 doctis
930 4181 1075 4230 observatum
1095 4186 1137 4228 ost.
1156 4179 1185 4226 ci.
1205 4178 1272 4238 Roth,

127 4288 176 4321 erc.
195 4271 223 4321 ad
242 4274 295 4333 Agr.
314 4287 366 4334 pag.
388 4270 440 4320 255
460 4283 518 4334 sea:
539 4271 608 4331 Kritz,
627 4271 704 4319 Germ.
725 4271 749 4319 9.
768 4270 833 4331 Wer,
853 4270 954 4332 prolegg.
973 4286 1025 4334 pag.
1048 4270 1094 4319 121
1116 4283 1164 4333 seq.

199 4363 229 4430 2)
248 4366 281 4414 ct.
302 4365 359 4414 trist.
379 4365 416 4423 tt,
437 4363 487 4413 33:
507 4381 640 4416 caesaram
659 4381 687 4414 eo
706 4362 746 4412 die
764 4364 792 4412 ia
810 4363 930 4429 partibas
944 4363 1036 4413 nastris
1048 4365 1133 4426 :trojus
1152 4379 1273 4414 numeras

127 4467 159 4506 et
183 4458 309 4520 intatttor,
330 4456 465 4508 Germanis
484 4457 541 4523 ipset
561 4457 663 4507 robora.
683 4455 733 4506 eid.
752 4469 802 4518 cap.
822 4457 839 4514 l,
859 4453 884 4520 §
906 4454 929 4516 1,
949 4455 973 4504 2.
