3196 5270
705 281 744 340 73

164 449 231 530 plue
260 451 385 514 valeret.
431 449 515 512 Alius
547 459 646 511 autem
670 451 848 511 Latinorum
872 468 942 510 usus
967 456 1021 522 est,
1056 449 1081 508 si
1111 449 1301 511 adeundam

163 553 251 618 finem
274 566 493 637 componuntur
515 559 652 618 notiones
675 557 826 617 simillima
849 557 1068 634 significatione
1091 566 1122 616 et
1143 546 1210 636 pari
1232 576 1299 633 gra-

164 666 269 739 vitate,
299 685 353 725 eae
386 686 463 746 quae
494 685 666 746 synonyma
694 666 785 742 vulgo
816 663 963 724 dicuntur.
1009 665 1057 724 De
1093 683 1153 744 qua
1185 666 1300 725 ratione

158 775 224 852 jam
246 777 413 834 accuratius
436 793 531 854 agere
553 776 583 834 in
608 775 708 834 animo
731 780 787 833 est.

249 901 438 982 Synonymia
461 921 499 961 ex
521 909 658 961 veterum
679 901 830 961 rhetorum
854 901 1026 962 definitione
1048 909 1108 961 est:
1130 902 1298 961 communio
1347 892 1351 904 ’

162 1011 300 1071 nominis.
344 1011 463 1071 Utimur
486 1017 607 1089 autem,
631 1017 664 1068 ut
687 1011 730 1069 ait
751 1010 864 1091 Aquila
887 1012 1038 1070 Romanus
1054 1008 1099 1088 ²),
1131 1029 1167 1070 eo
1190 1028 1300 1086 genere

164 1119 350 1193 elocutionis,
381 1121 520 1199 quotiens
551 1138 609 1177 uuo
632 1118 725 1179 verbo
757 1140 817 1178 non
847 1121 919 1179 eatis
949 1118 1085 1179 videmur
1119 1117 1296 1196 dignitatem

164 1226 465 1301 autmagnitudinem
488 1227 531 1284 rei
555 1225 769 1298 demonstrare,
791 1225 921 1304 ideoque
943 1225 973 1284 in
997 1224 1132 1303 ejusdem
1155 1225 1300 1300 significa·

163 1335 275 1393 tionem
312 1333 399 1412 plura
427 1333 628 1396 conferuntur.
685 1333 793 1412 Itaque
829 1333 954 1412 siquis
985 1332 1131 1392 disserere
1164 1332 1230 1391 vult
1262 1332 1300 1392 de

164 1439 352 1517 synonymis,
382 1438 413 1497 id
436 1440 480 1497 ita
501 1439 630 1514 intelligi
662 1437 753 1498 debat
786 1447 820 1496 ut
842 1447 894 1496 aut
911 1436 1004 1497 verba
1026 1456 1103 1516 quae
1125 1435 1165 1496 ad
1186 1437 1299 1512 signifi·

164 1544 290 1605 caudam
311 1565 401 1606 unam
426 1545 613 1625 eandemque
635 1563 698 1605 rem
720 1545 881 1623 conjuncta
901 1545 969 1619 sint,
997 1544 1119 1620 colligat
1148 1545 1299 1604 demonst-

163 1658 277 1730 retque,
312 1670 420 1710 revera
455 1670 492 1710 ea
513 1652 592 1710 inter
623 1669 656 1710 se
679 1659 806 1729 cognata
828 1669 904 1721 asse,
941 1657 993 1709 aut
1024 1659 1128 1710 contra
1150 1649 1298 1722 ostendat,

163 1757 234 1836 quid
255 1759 334 1816 inter
356 1758 449 1818 verba
471 1777 549 1838 quae
571 1766 716 1817 vocantur
726 1777 898 1846 synonyma
920 1759 959 1816 sit
976 1755 1165 1817 discriminis.
1189 1755 1297 1832 Longa

163 1865 276 1925 facilior
297 1873 344 1925 eet
359 1867 495 1946 quaestio
517 1867 601 1945 prior
622 1884 719 1945 neque
738 1884 864 1941 magnus
886 1883 924 1924 ex
947 1884 986 1924 aa
1005 1864 1118 1923 fructus
1140 1863 1298 1924 redundat.

122 1951 126 1964 ι
163 1973 205 2033 At
220 1974 342 2033 maximi
372 1976 514 2033 momenti
537 1974 632 2034 altera
655 1982 710 2034 est.
754 1973 856 2049 Quare
882 1961 995 2049 gratias
1018 1971 1181 2032 habeamus
1204 1971 1297 2030 homi-

163 2080 249 2140 nibus
272 2079 378 2153 doctis,
401 2082 451 2160 qui
474 2080 543 2139 huic
556 2081 636 2159 parti
660 2079 942 2159 artisphilologicae
965 2098 1087 2158 operam
1100 2087 1297 2137 navaverunt.

162 2189 241 2249 Nam
264 2196 399 2268 apparet,
429 2188 502 2248 nihil
531 2188 595 2248 fere
617 2207 708 2268 posse
728 2197 790 2248 tarn
813 2189 901 2248 facile
935 2187 976 2248 ad
998 2187 1209 2246 detrimentum
1231 2186 1297 2246 her-

163 2296 431 2356 mensuticaeartis
454 2296 598 2370 converti,
622 2314 712 2376 quam
734 2296 759 2355 si
782 2296 990 2376 acquiescatur
1011 2295 1042 2353 in
1064 2291 1217 2355 intellecta
1233 2292 1299 2353 sola

163 2401 322 2463 verborum
345 2403 550 2478 similitudine,
583 2424 680 2484 neque
710 2404 941 2484 uniuscujusque
974 2402 1110 2464 vocabuli
1139 2403 1185 2460 vis
1208 2421 1297 2482 quam

163 2513 385 2573 accuratissime
440 2527 470 2572 et
501 2513 724 2572 distinctissime
752 2513 783 2570 iu
826 2518 971 2591 quantum
1012 2511 1077 2570 fieri
1110 2517 1213 2588 potest
1246 2529 1297 2569 ex·

161 2620 308 2699 pediatur.

249 2747 311 2809 Sed
334 2747 373 2807 ab
394 2749 430 2806 iis
459 2749 510 2828 qni
532 2749 563 2807 in
585 2747 642 2806 hoc
668 2746 799 2807 studium
830 2747 1036 2821 incubuerunt,
1072 2745 1130 2807 ras'
1147 2747 1186 2808 ad
1207 2750 1297 2809 finem

160 2856 307 2936 perducta
329 2856 527 2935 minimest,
556 2855 589 2916 id
611 2855 692 2935 quod
715 2875 753 2916 ne
770 2857 827 2937 ipsi
849 2856 970 2936 quidem
993 2857 1161 2916 voluerunt.
1204 2858 1298 2918 Nam-

161 2984 219 3044 que
249 2965 320 3024 licet
349 2963 387 3024 de
417 2963 519 3024 multis
550 2963 600 3023 vel
632 2963 769 3044 plurimis
802 2966 973 3025 notionibus
1006 2967 1071 3043 jam
1093 2967 1172 3025 inter
1195 2985 1297 3026 omnes

161 3073 352 3150 convenerit*
373 3079 474 3132 tamen
502 3080 619 3133 restant
638 3093 698 3132 non
720 3092 844 3152 paucae,
876 3093 951 3154 quas
980 3092 1034 3133 suo
1058 3074 1185 3154 quisque
1206 3073 1298 3134 modo

163 3181 348 3259 distinguere
384 3181 512 3260 scriptor
540 3189 631 3261 atque
663 3200 808 3262 usurpare
838 3177 949 3262 solst²l‚
993 3182 1044 3241 vel
1075 3182 1182 3262 quibus
1209 3202 1296 3242 usum

162 3288 311 3368 quendam
342 3294 500 3367 poetarum
527 3288 669 3362 imitatus,
705 3308 724 3347 a
750 3290 897 3348 communi
931 3288 1050 3349 dicendi
1081 3289 1297 3349 cousuetudine

160 3394 283 3455 recedit.
331 3394 436 3469 Haeo,
461 3394 552 3470 igitur
581 3395 706 3453 seorsim
739 3403 870 3454 tractare
901 3415 1010 3475 operae
1047 3394 1137 3455 valde
1168 3397 1298 3474 pretium

162 3509 217 3560 est.
239 3535 285 3546 -
307 3501 420 3562 Verum
443 3519 482 3560 ne
504 3500 537 3561 id
559 3500 680 3581 quidem
713 3505 745 3560 in
774 3510 874 3562 mente
896 3503 1002 3576 habeo,
1040 3509 1073 3562 ut
1096 3503 1196 3562 omnia
1220 3524 1299 3584 quae

161 3611 283 3688 proprio
313 3628 349 3667 ac
370 3608 516 3689 peculiari
545 3608 636 3669 modo
659 3629 677 3668 a
699 3609 806 3669 Tacito
834 3616 1017 3689 usurpantur
1039 3626 1208 3690 synonyma
1229 3630 1297 3670 con-

162 3717 244 3776 tinuo
269 3714 373 3775 ordine
396 3715 558 3794 explanem
581 3747 623 3761 -·
647 3715 728 3796 quod
756 3735 831 3796 opus
858 3717 910 3776 alii
946 3714 1160 3794 aggrediantur
1185 3715 1297 3776 doctio-

160 3841 208 3884 res
232 3830 263 3883 st
283 3823 404 3898 linguae
447 3821 577 3881 Latinae
599 3823 696 3901 magis
717 3825 817 3904 periti,
850 3822 969 3883 -sed
991 3829 1108 3882 tantum
1130 3841 1208 3902 quae
1230 3823 1298 3882 hino

161 3930 243 3990 illinc
263 3950 344 3990 nova
365 3929 439 3989 mihi
461 3929 617 4006 collegisse
639 3929 754 4005 videor,
775 3932 855 3992 infra
875 3932 906 3991 iu
928 3937 1123 4010 conspectum
1145 3929 1231 3991 dabo.

234 4161 259 4228 1)
279 4162 390 4214 Rhetoras
409 4162 485 4212 Latini
502 4163 602 4213 minores
621 4165 649 4214 ed
662 4165 737 4226 Halm,
755 4166 774 4226 1,
793 4164 835 4216 34.

233 4249 260 4319 2)
278 4252 414 4304 Utomiltsm
427 4268 475 4313 eas,
495 4253 523 4304 de
542 4254 624 4318 quibus
642 4255 927 4321 cerrunjndiciunutiquc
946 4255 1112 4319 nouprolatum
1125 4261 1168 4316 est,
1188 4253 1297 4319 quemad-

159 4342 264 4396 modum:
290 4342 353 4392 ersul
372 4344 523 4406 erexeritis,
555 4358 625 4409 quum
643 4344 659 4393 ii
684 4343 723 4408 qui
742 4343 817 4395 adhuc
835 4345 909 4396 collati
933 4353 986 4394 suut
1011 4343 1053 4394 loci
1071 4360 1098 4394 aa
1116 4358 1162 4394 non
1188 4344 1299 4408 praebent

159 4437 246 4500 indicia,
268 4437 349 4500 quibus
368 4436 397 4487 ad
415 4436 568 4498 dignoscenda
587 4438 655 4487 verbe
674 4437 712 4489 illa
731 4453 789 4503 opus
807 4445 849 4490 est.
