3200 5234
872 299 911 373 se

329 481 510 542 nrcntionem
532 482 686 560 injiciant,
718 486 749 544 in
780 485 909 545 eundem
939 464 1059 544 modum
1085 486 1238 563 accepisse
1260 485 1360 545 elucet
1373 484 1415 565 ¹),
1439 495 1474 545 ut

330 591 459 650 Ovidius
481 588 574 648 'Prisc
597 590 640 665 ΙΙ,
665 591 747 651 534:
777 605 803 650 ot
823 605 915 651 tomen
942 597 992 658 ullo
1022 603 1087 651 tuos
1107 597 1184 667 felic
1211 581 1352 654 nauus
1376 607 1475 654 oswtor

326 701 447 758 Contulit
467 701 497 753 in
523 701 620 768 Tyrios
641 718 723 755 mmo
743 703 885 773 uirumque
907 711 995 773 toros,
1019 707 1049 757 et
1063 699 1188 758 Anthot.
1210 700 1333 774 Latii,
1354 703 1423 774 193,
1439 704 1472 760 9:

327 826 410 864 ormo
431 807 574 876 virumque
595 808 670 863 cauit
700 809 774 863 miro
804 809 905 864 virtuto
932 815 1077 879 potentem.
1131 805 1192 866 Sed
1216 808 1241 864 si
1265 806 1324 865 duo
1344 807 1397 865 illa
1421 827 1470 868 vo·

327 912 435 972 cabula
457 929 580 989 prorsus
602 911 631 968 in
654 928 745 967 unum
768 909 963 982 coaluissent,
986 920 1067 969 certe
1088 911 1234 987 vegetius
1258 914 1311 993 (ds
1333 915 1469 974 remitit.

328 1021 368 1091 11,
393 1016 426 1095 1)
450 1017 550 1077 dicere
581 1035 639 1075 nou
670 1022 807 1093 poteret:
844 1036 888 1074 ros
920 1019 1006 1089 tpitru·
1033 1021 1177 1091 mattulis,
1206 1024 1277 1077 siun
1306 1024 1472 1080 Latinorum

327 1131 450 1202 suspires
480 1137 576 1185 auctor
605 1127 738 1182 carminis
768 1127 813 1181 sat
842 1135 958 1182 testatur
988 1102 1119 1199 nullia,
1155 1131 1271 1185 usmis
1301 1141 1408 1188 condat
1436 1142 1471 1188 ot

326 1239 425 1296 uiris.
471 1233 554 1310 Ergo
577 1239 608 1292 et
631 1231 670 1291 nd
692 1231 790 1290 locum
814 1231 985 1291 Tacitinum
1008 1252 1048 1293 ex
1071 1252 1160 1293 versu
1184 1234 1359 1310 Vergiliano
1389 1247 1472 1296 certa

326 1340 498 1422 explicandi
519 1340 599 1400 ratio
622 1337 730 1397 deduci
752 1356 811 1396 non
834 1345 943 1416 potest.
966 1373 1007 1382 —
1039 1336 1132 1398 Aliud
1156 1341 1402 1420 impedimentum
1425 1354 1471 1404 cst

325 1448 502 1528 interpreti,
523 1445 605 1527 qnod
627 1442 806 1526 vocabulum
829 1465 910 1503 mauu
938 1447 1028 1505 variis
1058 1447 1326 1522 significationibus
1358 1451 1471 1531 ubique

325 1561 497 1633 usurpatur.
541 1552 592 1612 Sic
614 1550 815 1629 metonymice
845 1550 953 1613 dicitur
983 1572 1038 1632 pro
1054 1559 1183 1628 ‘samm
1217 1562 1251 1614 ut
1280 1554 1359 1614 Anu.
1382 1557 1405 1629 1,
1430 1561 1468 1616 2:

321 1665 437 1736 publico
459 1681 541 1717 ormo
555 1653 602 1741 ²),
633 1657 682 1716 vel
705 1656 845 1732 designat
867 1676 919 1733 ea,
958 1677 1036 1738 quse
1065 1656 1104 1717 ad
1138 1657 1248 1722 bellum
1281 1661 1469 1722 inferendum

325 1773 471 1845 parantur
500 1763 812 1846 (Kriagsanstnitcu),
849 1773 884 1823 ut
912 1763 993 1822 Hiat.
1022 1764 1061 1844 11,
1094 1767 1127 1824 1:
1158 1769 1279 1824 odorum
1308 1771 1358 1840 qui
1387 1789 1471 1826 mano

331 1877 436 1932 Vitellii
454 1875 607 1946 talicunque
628 1875 812 1941 mitratorum
827 1865 864 1948 ³).
910 1872 956 1929 Ac
980 1878 1080 1930 tumen
1107 1871 1133 1928 ai
1162 1871 1387 1932 consideramus
1409 1875 1470 1932 ior-

224 2049 229 2055 ,
325 1979 432 2054 mulas,
455 1979 554 2059 qualis
576 1983 639 2038 est:
662 1998 744 2035 cuna
765 1981 892 2052 uirosque
914 1983 955 2034 nd
975 1981 1048 2036 bollo
1065 1980 1212 2052 polliceri,
1241 1978 1370 2053 similes,
1392 1999 1470 2060 qnae

324 2082 510 2162 collegerunt
532 2084 722 2144 Burmannus
744 2091 776 2143 et
797 2084 967 2158 Wagncrus
990 2082 1029 2142 ad
1053 2083 1131 2143 Aen.
1153 2083 1180 2156 1,
1205 2089 1232 2158 l,
1263 2094 1389 2164 apparet
1409 2090 1469 2166 pri·

325 2191 536 2264 mum,iniis
560 2189 700 2250 deveris
725 2190 815 2248 armis
846 2188 1038 2265 cogitandum
1067 2207 1151 2266 esse;
1182 2189 1291 2252 deinde
1322 2194 1470 2253 etiamid

324 2300 453 2358 fortuma
476 2296 676 2372 concedetur,
708 2297 816 2358 adessa
838 2297 919 2356 viros
942 2298 1074 2357 maxime
1097 2297 1228 2371 referre,
1266 2301 1379 2381 quippe
1404 2303 1469 2381 qui-

292 2387 297 2393 ’
325 2407 380 2465 bus
405 2405 569 2466 obveniant
590 2423 691 2477 arma,
724 2423 821 2484 neque
844 2423 917 2464 vero
939 2403 1005 2462 sols
1026 2423 1110 2463 arma
1132 2404 1170 2464 ad
1194 2405 1469 2488 bellum-suppedi-

297 2595 299 2600 .
324 2513 391 2571 turi.
434 2512 544 2593 ltaque
566 2529 686 2572 sumere
709 2529 887 2591 possumus,
919 2511 975 2570 hac
1003 2510 1033 2570 in
1057 2511 1200 2589 junctura
1226 2511 1301 2571 duas
1324 2513 1392 2574 illas
1416 2535 1468 2576 no·

324 2622 421 2680 tiones
444 2620 572 2679 arctiore
595 2618 725 2697 quodum
750 2639 830 2679 nexu
852 2617 1029 2694 cohaerere,
1052 2635 1233 2697 quamquam
1256 2621 1377 2681 minime
1399 2642 1467 2682 con·

323 2726 489 2801 tenderim,
512 2725 592 2784 idem
614 2743 667 2784 aas
689 2726 859 2804 exprimere
881 2743 917 2782 sc
939 2733 1089 2784 nostrumz
1119 2725 1372 2805 Kn'egsmtnncr,
1403 2728 1468 2800 sed,

323 2839 357 2888 ut
378 2829 458 2902 dixi,
486 2830 632 2906 junctura
660 2831 761 2891 media
793 2838 840 2891 eat
865 2831 944 2889 inter
973 2829 1048 2888 duas
1079 2831 1218 2891 notiones
1250 2843 1341 2912 atque
1363 2853 1465 2895 unam.

324 2937 371 2996 of.
395 2936 487 2995 etiarn
509 2933 591 2997 Anu.
613 2935 685 3010 XV,
710 2938 745 2995 1:
775 2940 899 2994 uirorum
921 2957 1115 3012 muniuntque
1133 2942 1301 3012 faciendum
1322 2951 1468 2999 costumas.

323 3044 434 3102 Verum
457 3041 500 3100 sic
521 3060 642 3122 quoque
664 3040 862 3118 ambiguitas,
894 3060 972 3122 qnue
998 3051 1045 3102 est
1068 3045 1098 3103 in
1120 3044 1177 3104 huc
1199 3044 1317 3105 dicendi
1339 3047 1466 3124 ratione,

321 3130 393 3209 inde
416 3154 562 3228 apparet,
585 3146 667 3226 quod
689 3144 784 3207 libero
806 3146 897 3206 modo
928 3148 1007 3208 duae
1038 3152 1176 3210 notiones
1200 3150 1288 3211 sedes
1317 3171 1388 3211 suas
1410 3153 1468 3211 im-

321 3268 456 3330 mutare,
489 3255 561 3334 quin
583 3255 674 3314 stiam
704 3254 797 3315 verbo
829 3255 964 3335 quodam
996 3258 1174 3337 interposito
1205 3258 1303 3318 dirimi
1331 3274 1467 3338 possunt,

321 3376 356 3424 ut
377 3365 458 3423 Hist.
488 3362 543 3435 lV,
569 3363 625 3421 12:
658 3383 707 3421 noc
738 3367 836 3436 opibus
864 3367 1001 3422 Roruuuis
1030 3397 1067 3406 ·-
1097 3369 1203 3424 adtriti
1231 3372 1331 3426 ciros
1360 3381 1467 3428 tontum

321 3491 495 3545 armoque
516 3472 633 3544 imperio
654 3471 818 3527 ministrant.
865 3468 932 3545 Quo
956 3471 1021 3529 loco
1044 3491 1243 3552 unaquaeque
1267 3493 1321 3552 per
1344 3493 1376 3535 sc
1399 3478 1468 3556 ipsa

322 3587 432 3640 exstat.

408 3691 491 3752 Hist.
512 3689 562 3764 11,
587 3693 644 3750 23:
678 3693 816 3748 monimo
843 3693 1009 3763 seditionum
1036 3712 1083 3750 oc.
1099 3693 1259 3752 discordiae
1287 3697 1467 3754 iasitomusto

319 3805 507 3874 imorfoctoros
528 3795 646 3868 Gallos,
668 3801 769 3855 scelus
783 3808 809 3854 ot
821 3807 893 3855 motu
912 3801 1061 3855 vaecordes
1089 3800 1202 3856 mr'scera
1222 3811 1331 3872 muno,-
1352 3799 1467 3861 intell:

319 3916 418 3979 metu,
440 3906 491 3985 qui
511 3924 531 3970 a
553 3903 735 3962 conscientia
757 3893 1089 3962 sceleris'nascebatur.

319 4020 603 4032 ...-....----·-.-.---

393 4061 418 4125 1)
437 4059 493 4110 Vide
511 4059 586 4119 locos,
606 4073 663 4123 qnos
682 4071 738 4106 sans
758 4056 859 4118 diligenti
878 4071 931 4106 curs
950 4058 1087 4122 conquisivit
1105 4059 1264 4110 Woldcmsrus
1284 4060 1465 4142 Ribbeckinsin

320 4153 372 4202 odit.
392 4153 419 4201 0.
438 4150 565 4212 Ribbeckii,
583 4151 612 4211 ll,
632 4149 691 4200 371.

391 4243 418 4309 2)
437 4242 521 4294 Tibull.
539 4243 559 4303 l,
580 4240 621 4301 10,
643 4241 689 4291 11:
716 4257 763 4292 nec
787 4239 870 4290 tristia
894 4255 992 4292 nossem
1017 4255 1093 4291 ortuo
1111 4257 1159 4292 nec
1177 4239 1303 4292 cudissem
1323 4241 1399 4292 corde
1417 4244 1465 4294 ari-

318 4323 393 4366 coate
410 4314 504 4364 talcar.

392 4405 418 4471 3)
436 4403 516 4454 Simila
535 4403 589 4466 qnid
609 4403 730 4454 denotatur
748 4405 813 4467 larg.
832 4405 887 4454 Aen.
906 4400 1021 4463 v1‚³53:
1044 4401 1126 4463 Quom
1144 4409 1188 4450 ιιιιι
1208 4418 1239 4452 ιιι
1257 4401 1367 4470 spoliato
1385 4405 1466 4454 armis

314 4502 425 4550 'excussu
445 4495 565 4564 inopistro
584 4493 708 4560 Deficeret
725 4496 802 4546 tontis
821 4496 893 4546 ιιαιίι
912 4493 1069 4562 carpentibus
1088 4491 1170 4544 nudis.
