3188 5252
684 331 744 392 141

141 505 279 565 invenies
301 503 455 585 copulam,
486 505 511 564 si
534 505 662 566 alterum
685 504 850 566 membrum
874 504 996 565 alterius
1020 504 1211 584 explicationi
1234 506 1279 566 in·

140 615 244 688 servit,
266 615 315 674 vel
338 633 376 674 ex
400 633 435 674 eo
458 615 659 694 consequitur.
704 613 782 680 Hist.
807 609 828 686 l,
854 615 906 673 21:
929 619 1165 674 euchaitensium
1186 637 1284 674 rursus

140 733 168 779 at
188 726 303 782 warine
325 725 415 780 ausilii
434 727 561 782 honorem
582 728 794 798 suspectandum
815 721 840 794 I,
865 724 922 781 36:
953 733 1046 782 tantus
1068 730 1155 783 ardor
1175 736 1205 782 ut
1227 745 1284 784 aon

144 834 263 889 contenti
283 835 390 905 oqmu'oa
413 843 445 890 et
465 835 625 906 corporibus
647 835 677 888 in
697 843 832 906 supporto,
864 835 895 890 tn
916 854 969 906 quo
987 837 1088 907 paullo
1110 845 1173 891 anto
1195 852 1283 891 aaron

142 943 253 999 Galbae
274 953 369 999 mutuo
384 947 492 1016 fuerat,
514 946 635 1001 madium
656 945 727 1000 iuter
748 946 829 1016 siqua
844 947 976 1002 Othonem
996 947 1104 1002 occidis
1126 947 1281 1014 circumda·

139 1061 209 1107 rent.
231 1071 281 1108 neo
301 1053 424 1144 tribunis¹
451 1063 501 1109 out
527 1054 728 1110 centurionibus
757 1055 883 1110 adamcdt
913 1056 995 1111 iocus
1049 1053 1129 1110 Ann.
1151 1049 1217 1123 111,
1242 1050 1278 1109 5:

142 1169 174 1216 at
196 1161 362 1218 Germanico
382 1181 416 1218 aa
437 1164 531 1219 solitos
553 1163 664 1234 quidam
695 1171 720 1218 at
742 1163 900 1234 cuicumque
929 1161 1016 1218 nobili
1043 1162 1147 1217 debdoa
1168 1163 1282 1217 honum

141 1270 292 1341 coqtipime.
317 1303 356 1312 -
380 1268 563 1348 Plerumque
587 1269 677 1328 etium
699 1267 867 1344 infigura:
890 1287 949 1327 non
972 1266 1062 1327 modo
1087 1264 1228 1348 (tentum)
1243 1300 1283 1310 -

141 1371 196 1432 sed
218 1369 348 1452 (etiam):
373 1371 453 1432 Ario.
477 1368 526 1448 ΙΙΙ,
552 1376 608 1434 33:
637 1395 692 1434 uon
722 1377 885 1433 imbecillum
907 1386 1014 1432 tuntum
1036 1385 1061 1431 et
1082 1377 1218 1448 impuram
1239 1378 1282 1432 la-

143 1484 252 1542 boribua
273 1501 373 1555 sanun,
395 1486 446 1541 aad
466 1485 493 1539 εἰ
512 1485 625 1541 licentio
646 1485 738 1554 adad,
776 1503 902 1556 occursus,
925 1485 1095 1541 ambitiosum
1101 1528 1109 1556 ,
1138 1485 1284 1556 potestatis

142 1592 262 1648 ocidmn
309 1587 383 1668 Cap.
407 1589 465 1648 44:
502 1593 541 1647 At
568 1595 674 1648 Romae
701 1611 755 1649 noa
779 1593 910 1648 irmarus
941 1595 1023 1650 modo
1053 1603 1078 1650 at
1100 1593 1212 1650 Aeduos
1233 1595 1284 1648 scd

142 1709 263 1772 quatuor
296 1710 322 1758 et
351 1701 495 1772 rucupinta
517 1702 679 1758 Galliarum
706 1703 830 1758 nudatas
858 1703 1010 1758 desciuisse.
1070 1697 1184 1759 Contra
1217 1711 1282 1758 out:

144 1805 223 1866 Hier.
247 1802 269 1880 l,
293 1807 332 1865 4:
370 1829 425 1866 aaa
446 1812 528 1866 modo
550 1810 579 1864 ia
600 1811 666 1865 ruba
687 1813 767 1882 opud
785 1819 884 1882 putres
907 1819 955 1866 out
972 1811 1109 1883 poputum
1131 1820 1180 1868 cut
1201 1813 1283 1867 urbo·

143 1937 206 1973 uun
226 1918 339 1974 mutuam
361 1921 411 1974 aaut
434 1924 489 1973 cet.
513 1946 516 1952 ·
535 1913 619 1974 Solet
642 1933 761 1996 quoque
783 1917 854 1995 poni
879 1915 1005 1996 copula,
1029 1916 1054 1976 si
1087 1918 1282 1998 enuntiatum,

142 2021 222 2103 quod
244 2024 433 2100 negationem
457 2024 609 2102 sequitur,
641 2033 671 2082 et
693 2043 748 2103 per
770 2036 819 2082 out
840 2023 1009 2084 adnectitur
1031 2027 1061 2085 in
1085 2025 1159 2085 duas
1181 2036 1282 2104 partes

144 2129 243 2190 denuo
266 2130 419 2208 dividitur,
442 2141 475 2190 ut
496 2125 566 2206 Agr.
592 2133 649 2190 22:
671 2135 777 2190 suumn
800 2134 979 2206 abAqricolo
995 2137 1118 2208 positum
1141 2137 1282 2192 cadoldum

142 2242 378 2297 cornutorum
400 2252 583 2315 eupuqoatum
617 2252 667 2298 unt
687 2244 815 2314 pactione
836 2261 875 2299 uc
902 2246 975 2314 supa
995 2246 1137 2299 dormtum.
1191 2240 1283 2298 Plura

144 2346 295 2424 ejusmodi
318 2346 396 2405 dabo
418 2345 474 2406 sub
497 2358 552 2405 aut.
578 2381 617 2393 -

228 2449 337 2514 Verum
361 2455 508 2516 rhetorice
529 2475 648 2535 quoque
671 2456 837 2534 spectanda
867 2464 913 2515 est
943 2455 998 2515 hae
1027 2457 1057 2515 in
1080 2475 1122 2514 re.
1177 2457 1284 2516 Potest

143 2565 232 2636 enim,
269 2567 293 2623 si
316 2565 345 2623 in
369 2567 517 2625 sententia
539 2565 680 2641 negativa
703 2566 789 2644 plura
811 2565 1013 2642 adjunguntur
1037 2543 1170 2624 membra
1193 2585 1282 2646 copu-

141 2669 249 2742 lative,
272 2669 303 2728 id
327 2670 450 2730 subesse
472 2670 646 2743 consilium,
681 2679 715 2729 ut
737 2671 782 2730 vis
805 2689 841 2729 ac
864 2678 971 2729 natura
994 2670 1192 2729 membrorum
1216 2673 1283 2750 ipsu

141 2778 291 2854 mugisse
315 2778 470 2853 ostendat,
504 2779 673 2854 negationis
695 2778 812 2838 ratione
835 2797 941 2856 parum
963 2777 1075 2838 habita.
1129 2773 1174 2837 lta
1206 2777 1283 2838 hanc

143 2888 389 2965 compositionem
411 2887 561 2948 interdum
585 2888 753 2947 invenimus
776 2888 808 2946 in
829 2894 978 2946 commota
1001 2889 1150 2961 oratione,
1189 2889 1214 2946 si
1237 2908 1283 2948 re-

144 2995 198 3054 bus
219 2996 292 3074 ipsis
315 2996 357 3055 ita
380 2995 502 3055 affectus
526 3005 572 3055 est
594 2997 736 3074 scriptor,
759 3003 793 3054 ut
814 2995 983 3071 negationis
1005 3015 1103 3074 paene
1121 2996 1281 3056 oblivisca-

145 3111 201 3162 tur.
244 3105 325 3167 Hist.
349 3100 372 3177 l,
396 3107 459 3165 50:
492 3125 541 3163 noc
561 3107 624 3163 illos
647 3108 781 3178 Capitolii
801 3115 927 3178 aspectus
948 3115 973 3162 ot
994 3107 1190 3164 imminentium
1219 3118 1283 3166 tem·

137 3217 253 3286 plorum
273 3218 371 3287 calipto
393 3225 418 3272 ct
435 3218 547 3288 priores
579 3226 605 3273 ot
621 3218 720 3288 flaturi
739 3218 880 3288 principes
908 3224 1029 3272 terruere
1051 3236 1104 3289 quo
1125 3220 1215 3272 minus
1236 3222 1284 3287 fo·

141 3335 232 3380 carent
252 3327 340 3381 socius
361 3327 440 3396 cujus
461 3327 535 3382 ultor
556 3335 595 3381 aot
617 3326 740 3397 quiaquia
761 3325 894 3380 euocauit.
941 3323 1014 3397 Agr.
1038 3324 1096 3382 45:
1130 3345 1185 3382 ooo
1212 3328 1284 3383 uidit

142 3435 279 3504 Apricotu
300 3437 436 3492 obsessam
458 3435 564 3490 curium
586 3443 611 3490 ot
632 3437 757 3490 clausum
779 3434 865 3488 armas
884 3443 1007 3488 amatum
1028 3443 1054 3490 at
1075 3438 1171 3490 eadem
1192 3445 1284 3508 strepa

141 3549 181 3597 tot
203 3543 390 3599 omnuim-tuuc
412 3546 511 3598 caeder
531 3551 570 3600 tot
591 3543 825 3599 nobilissimarum
844 3542 1012 3610 feminarum
1036 3543 1134 3597 cautio
1155 3546 1281 3614 ctfuqaa.

140 3646 187 3706 Ne
210 3649 434 3726 praetermittas
458 3647 663 3724 gradationem
686 3648 773 3726 hujus
796 3647 862 3707 loci.
909 3646 1010 3727 Atque
1033 3647 1139 3723 diguus
1163 3651 1281 3728 estqui

141 3761 333 3832 comparetur
356 3755 438 3815 locus
461 3754 566 3818 Sencc.
589 3775 670 3816 cons.
694 3755 732 3814 ad
756 3756 848 3815 Maro.
865 3758 915 3828 20,
938 3758 967 3826 5,
990 3755 1134 3815 aWexio
1158 3757 1282 3833 allatum

142 3863 203 3940 ubi,
227 3883 317 3943 quum
342 3865 459 3939 singula
481 3863 615 3924 membra
638 3883 696 3922 non
721 3884 774 3942 per
793 3877 818 3922 et
840 3863 893 3922 sed
917 3883 971 3942 per
993 3886 1041 3922 oco
1063 3865 1206 3942 adjuncta
1222 3868 1283 3926 sint

141 3991 264 4050 prorsus
297 3972 372 4030 alius
401 3973 482 4031 color
512 3972 568 4031 toti
595 3975 762 4031 sententiae
795 3971 1029 4050 superfunditur.
1083 3967 1180 4033 Verba
1207 3975 1282 4035 haec

141 4086 228 4137 sunt:
252 4101 306 4138 uon
327 4083 440 4139 uidisset
461 4084 568 4140 strictos
589 4083 619 4137 io
641 4083 736 4158 ciuilio
756 4083 853 4154 capitu
874 4065 1015 4139 mucrones
1036 4102 1085 4139 uec
1107 4087 1200 4141 diuisa
1215 4106 1281 4158 por·

142 4188 297 4243 cusaoribuc
319 4190 468 4246 cumeorum
490 4190 568 4261 bona,
591 4198 621 4244 ut
643 4190 726 4244 atium
747 4191 783 4244 dc
795 4208 844 4245 auo
861 4190 994 4262 perirent,
1016 4209 1070 4246 non
1089 4191 1199 4246 lunatam
1219 4210 1281 4248 oon·

141 4297 252 4352 motoria
273 4298 366 4368 spotia
395 4301 554 4355 uendentem
586 4317 634 4354 nec
665 4301 764 4354 caadca
792 4317 841 4354 noc
871 4300 963 4356 locuto
991 4301 1100 4370 publico
1120 4301 1278 4372 latrocinio,

140 4405 221 4476 batto,
244 4405 371 4476 rupious,
395 4414 501 4462 tontum
525 4408 718 4463 Catilinarum.
744 4435 785 4446 -
