3196 5270
711 299 729 358 9

155 471 217 527 aiae
245 470 367 528 reddata.
417 465 577 540 Risum,
607 465 667 526 85:
699 477 725 524 et
752 470 847 539 aotam
872 472 968 524 eadem
998 466 1140 538 pravitate
1170 464 1285 519 imorta-

153 583 237 636 hatar
258 580 443 649 interfectam,
473 596 530 650 aaa
547 580 664 647 sanarat
690 578 834 646 meatem,
857 573 930 652 Agr.
954 573 1009 632 16:
1047 593 1081 630 aa
1108 574 1182 630 velat
1197 569 1286 643 pacti,

153 688 289 743 eaeraitaa
335 687 487 757 literatum,
535 689 593 742 dua
639 687 770 757 samem,
820 689 857 743 et
904 685 1003 740 sedam
1048 684 1107 739 aiae
1153 680 1285 750 tarpeiae

151 796 242 866 metit,
274 809 351 871 qnae
371 789 463 850 verba
491 790 532 849 eia
564 788 602 848 ad
630 809 742 851 morem
765 790 862 850 Taciti
889 809 923 850 se
953 787 1076 862 habeut,
1102 794 1136 846 ut
1167 781 1283 864 quade

152 915 262 956 caussa
282 895 407 956 Wexius
432 914 468 954 ea
500 894 611 972 rejecta
639 893 768 954 voluerit
800 893 946 975 (prolegg.
968 891 1007 952 ed
1028 891 1102 969 Agr.
1128 909 1198 970 pag.
1222 887 1284 947 115

154 1001 236 1083 aeq.)
258 1003 310 1062 vix
330 999 559 1080 intelligatur1).
611 1001 696 1061 Haeo
730 1001 867 1081 exempla
894 998 1112 1081 quodamnodo
1133 999 1176 1057 ita
1198 996 1287 1056 etiam
1313 999 1316 1007 ’

153 1111 299 1191 explicari
333 1117 477 1190 possunt,
509 1117 544 1170 ut
579 1121 606 1168 et
638 1108 752 1168 valeat:
786 1122 812 1168 at
839 1113 939 1168 deinde
967 1105 1038 1190 (via
1069 1103 1189 1188 supra),
1232 1101 1286 1165 eed

152 1217 298 1299 putabam
321 1217 447 1277 seorsim
470 1236 506 1276 ea
528 1215 683 1276 necanda
703 1235 778 1291 eeee,
801 1237 892 1296 quum
913 1215 970 1276 alia
991 1216 1035 1276 vis
1056 1215 1179 1295 propria
1198 1214 1230 1273 in
1250 1213 1286 1276 iis

151 1327 277 1404 insuper
299 1324 381 1384 inuit.

240 1430 301 1492 Sed
323 1432 348 1490 si
370 1431 437 1510 quie
459 1429 491 1490 in
514 1429 649 1490 oratione
671 1427 1021 1490 vehementoraommota
1034 1436 1198 1489 eatantum
1219 1447 1285 1488 ver·

153 1538 198 1599 bie
219 1537 386 1616 exprimere
405 1535 481 1609 vult,
509 1553 587 1614 quae
607 1534 727 1594 maximi
755 1534 899 1594 momenti
920 1533 1106 1594 dividentur
1127 1553 1199 1607 esee,
1220 1540 1285 1593 tum

156 1641 292 1709 intillime
313 1640 377 1702 fieri
397 1646 508 1720 potest,
529 1647 564 1698 ut
584 1639 663 1698 inter
684 1636 744 1698 duo
767 1639 921 1698 enuntiata
932 1637 1011 1698 aliud
1024 1637 1182 1718 quoddam,
1204 1635 1286 1717 quod

153 1763 264 1806 nexum
284 1750 316 1804 et
337 1743 495 1804 transitum
516 1741 594 1815 facit,
617 1741 734 1804 silentio
757 1743 1027 1821 praetermittatur,
1060 1741 1206 1822 deturque
1226 1741 1284 1802 leo·

153 1849 221 1921 tori,
244 1855 280 1908 ut
300 1854 400 1908 mente
420 1845 450 1906 id
472 1844 571 1906 addat.
617 1843 706 1920 Quod
734 1844 815 1905 haud
843 1865 911 1906 raro
944 1866 999 1906 nee
1025 1848 1089 1908 eino
1116 1865 1225 1924 magna
1254 1845 1285 1906 vi

152 1955 235 2038 apud
254 1956 393 2016 Tacitum
414 1954 582 2016 invenimus
603 1953 715 2014 tactum
738 1973 817 2029 eeeo,
848 1954 928 2014 Hiet.
949 1931 990 2028 11',
1014 1955 1070 2016 24:
1088 1959 1233 2030 proditam
1252 1958 1286 2012 id

153 2068 319 2126 Othoniaaie
349 2067 478 2137 dadae,
513 2070 550 2124 et
582 2083 677 2122 aarum
708 2065 835 2136 peditam
855 2066 1007 2137 Pauliana,
1046 2067 1166 2136 eaaitam
1194 2066 1286 2122 &leae

152 2192 297 2246 atemptare
343 2170 442 2250 Supra
464 2168 768 2256 commemorarimus,
788 2169 966 2249 particulam
989 2181 1015 2228 et
1029 2167 1178 2230 interdum
1200 2188 1285 2228 usur-

153 2281 233 2360 pari,
256 2280 283 2340 si
304 2277 412 2352 aliquid
434 2276 532 2337 subito
553 2275 681 2349 ineidat,
714 2284 805 2357 atque
833 2275 864 2336 id
884 2275 965 2337 nuda
985 2276 1144 2338 verborum
1165 2275 1286 2354 adjunt-

154 2388 236 2448 tione
265 2386 331 2465 ipsa
360 2385 445 2464 quasi
473 2383 603 2463 depingi.
656 2383 726 2443 Hoe
758 2383 825 2443 loeo
859 2383 992 2444 celeritas
1024 2385 1112 2444 etiam
1132 2383 1227 2460 magle
1248 2401 1284 2442 eo

152 2493 309 2568 indieatur,
331 2491 412 2573 quod
433 2493 511 2554 iuter
532 2490 606 2552 duae
629 2491 789 2552 sententiae
810 2491 884 2554 haee
905 2491 967 2552 fere
981 2493 1090 2551 omissa
1110 2497 1193 2552 eunt:
1217 2509 1284 2549 oon·

153 2600 252 2662 sentim
273 2595 363 2658 dueee
381 2598 481 2657 munia
502 2596 580 2656 inter
592 2614 624 2655 ee
644 2593 857 2654 distribuerunt
879 2601 913 2654 et·
930 2603 986 2656 oet.
1009 2596 1088 2655 Hiet.
1098 2594 1121 2669 1,
1144 2594 1199 2654 56:
1222 2596 1286 2652 arat

156 2707 314 2762 bellandam
335 2707 469 2760 adamnan
490 2703 667 2758 deaa'eaeatee
688 2710 737 2756 aat
757 2702 784 2756 ei
804 2702 953 2758 eorteordia
983 2711 1008 2758 et
1024 2703 1219 2774 perplaceat
1233 2703 1285 2770 fa-

158 2812 284 2866 aradam
309 2809 519 2880 imperatorem,
558 2816 584 2864 et
614 2807 718 2866 minore
747 2806 905 2870 discrimine
929 2807 1002 2862 aamt'
1025 2808 1182 2880 pantaptem
1201 2826 1286 2880 qaam

157 2915 262 2986 quaem.
301 2905 339 2970 In
361 2907 543 2968 orationihus
572 2906 723 2968 indireatie
746 2908 811 2984 jam
834 2905 960 2968 vidimus
982 2921 1008 2967 et
1029 2927 1118 2989 saepe
1137 2910 1182 2968 ita
1202 2909 1285 2989 poni,

156 3025 190 3078 ut
210 3016 331 3097 pontid
353 3014 551 3095 supplendum
574 3016 613 3076 eit
632 3020 705 3076 diait
726 3015 773 3078 vel
797 3020 921 3074 addidit.
962 3016 1022 3078 Hie
1043 3037 1115 3077 vera
1129 3017 1283 3098 suppleas:

155 3127 209 3190 eibi
232 3127 289 3187 hoa
311 3127 416 3186 melius
439 3124 546 3199 videri,
569 3143 647 3184 nam.
676 3125 756 3186 Hiet.
778 3123 820 3198 II,
844 3125 901 3184 54:
924 3131 1010 3186 donea
1030 3130 1130 3186 mitrae
1155 3151 1175 3186 a
1195 3133 1286 3190 Fabio

161 3236 272 3292 Vatrute
291 3235 424 3306 epistolae
445 3235 581 3288 demerent
605 3241 719 3302 maara,
751 3240 776 3287 at
807 3211 880 3294 mora
900 3234 1013 3290 Othonia
1040 3253 1094 3304 qao
1113 3237 1285 3292 laudabilior

154 3362 184 3400 eo
201 3342 323 3398 raloaim
344 3341 460 3409 audita5
488 3349 517 3396 et
538 3336 634 3396 velet:
660 3334 691 3394 id
712 3335 796 3398 brevi
817 3345 951 3416 tempore
972 3338 1083 3400 factum
1106 3348 1166 3415 eet,
1198 3361 1284 3418 nam3

155 3447 228 3508 latet
250 3448 329 3508 enim
352 3445 508 3506 celeritatis
530 3462 649 3524 quoque
671 3443 822 3506 denotatio
848 3445 881 3504 in
902 3445 1046 3506 voeabula
1069 3459 1109 3524 a,
1130 3447 1210 3509 Hiet.
1230 3449 1284 3524 ΙΙΙ,

158 3557 211 3616 15;
241 3559 361 3612 Fabiam
388 3557 525 3614 Valentem
552 3560 709 3630 profectam
731 3559 766 3610 ab
786 3559 853 3612 arbe
881 3529 1147 3629 adederatarampae
1175 3561 1284 3631 comita

155 3667 288 3723 anaiacm
305 3665 464 3736 proditioue
485 3665 671 3742 comedabat,-¹
696 3674 721 3720 et
741 3667 815 3731 fidae
842 3664 951 3721 Vitellio
971 3665 1073 3722 Fadiae
1099 3687 1147 3723 aaa
1167 3669 1283 3723 militiae

155 3777 284 3846 r‘paaraa,⁸
319 3790 375 3849 pro
398 3783 423 3830 et
443 3789 541 3849 pone:
573 3789 628 3830 nea
658 3770 722 3830 eine
751 3790 854 3829 caussa
876 3790 958 3843 nam,
989 3771 1015 3830 ei
1035 3772 1117 3832 filum
1141 3772 1282 3832 orationis

157 3879 329 3940 continuum
351 3875 474 3938 reddere
495 3877 551 3938 vie.
605 3877 665 3938 Hie
693 3877 775 3937 loeus
798 3898 835 3938 ex
856 3885 942 3960 parte
962 3877 1000 3937 ad
1022 3898 1072 3938 eos
1094 3877 1221 3954 aceedit,
1249 3881 1282 3940 in

156 3987 260 4068 quibus
286 3985 432 4066 particule
452 3975 709 4064 significationem:
731 3999 757 4046 et
777 4008 844 4046 aare
859 3985 998 4048 exhibere
1018 3985 1096 4046 iufra
1108 3985 1280 4064 videbimus,

156 4096 255 4159 Germ.
278 4098 335 4156 26:
365 4118 436 4154 arna
461 4117 513 4169 per
533 4117 620 4154 aanor
640 4108 758 4168 matera,-
786 4109 812 4154 et
832 4107 954 4170 adpareat
975 4116 1052 4169 aper,
1084 4095 1113 4155 h.
1135 4116 1162 4156 e.
1184 4111 1289 4178 nequa

155 4204 252 4265 obstat
273 4204 440 4285 quiequam,
457 4204 535 4283 quin
556 4203 612 4263 hoe
633 4203 752 4279 faciant,
775 4223 852 4262 nam.
875 4203 954 4263 Hiet.
964 4203 1016 4282 ΠΙ,
1039 4203 1099 4263 45:
1118 4217 1176 4263 tam
1191 4210 1282 4280 petita

228 4467 257 4535 l)
274 4470 302 4520 of.
321 4467 391 4529 Kritz,
410 4467 565 4530 degressum.
584 4469 650 4521 saiso.
669 4470 720 4521 Tac.
739 4470 854 4533 Agricolae
872 4471 985 4536 imputetis
1003 4490 1053 4540 pag.
1074 4477 1172 4543 ltseq.
