3188 5252
712 275 751 332 et

153 449 236 505 tinais
264 449 360 520 irrueret
389 449 526 506 olucrdas
546 455 689 514 committa
718 455 764 504 ot.
809 443 889 503 Hist.
913 441 936 516 l,
970 442 1027 502 85:
1074 455 1099 501 ct
1130 447 1222 502 oratio
1257 449 1298 502 ud

149 556 376 625 emamaumrdoa
403 557 614 626 mulcendosque
639 553 757 610 mildam
786 554 893 608 animoa
914 560 940 608 ct
960 553 1115 608 severitatis
1135 556 1232 609 modas
1255 581 1294 596 -

154 671 235 732 prate
256 672 379 735 accepte.

238 806 364 866 Restant
393 815 535 886 quattuor
556 806 623 879 loci,
657 803 825 886 dequibus
855 823 952 883 pauca
981 801 1160 876 addiderim.
1200 797 1294 860 Usar·

151 918 243 990 patar
265 913 343 972 enim
366 925 392 972 ct
413 945 454 958 ·—-
478 924 503 972 ct
526 915 570 970 ita
590 922 625 972 ut
642 911 682 970 ad
705 911 953 990 significationem
962 907 1135 969 vocularum
1158 928 1294 981 uuam—-

152 1031 210 1076 tara
231 1017 375 1078 accedere
395 1019 551 1079 videatur:
586 1020 661 1095 Agr.
684 1021 739 1079 36:
771 1023 847 1090 qaod
874 1028 900 1075 ct
928 1021 998 1090 iparb
1024 1025 1157 1074 caretate
1178 1014 1294 1070 militiae

152 1129 330 1185 enmmtatam
352 1138 377 1184 ct
398 1130 519 1186 lactibus
540 1129 670 1201 inhabile,
701 1134 733 1185 et
754 1125 836 1186 Hirr.
859 1125 902 1198 ll,
926 1127 979 1184 76:
1010 1127 1052 1180 bic
1069 1121 1223 1196 paemene
1244 1142 1294 1177 na-

151 1245 255 1294 acuam
284 1245 310 1292 et
331 1236 384 1293 ulii
412 1237 498 1308 namt
519 1239 654 1309 amicique
670 1238 840 1307 'firmabant
868 1241 894 1291 ct
921 1235 1073 1290 Mucianae
1098 1240 1164 1303 poet
1194 1232 1294 1287 multos

150 1351 318 1414 secretosque
347 1359 483 1400 ammones
499 1347 571 1413 jura
595 1353 620 1400 ct
647 1361 741 1399 coram
768 1343 810 1398 itu
830 1343 943 1398 locatas.
987 1335 1107 1395 Deinde
1140 1353 1200 1394 non
1227 1334 1292 1393 siue

150 1445 252 1526 aliquo
285 1445 393 1506 effectu
425 1445 536 1523 legitur
567 1458 593 1506 ct
608 1439 657 1488 '-
682 1457 707 1503 et
740 1462 794 1523 pro
827 1455 857 1501 ut
878 1477 922 1487 -
943 1453 1035 1500 tanna
1067 1440 1148 1500 Hist.
1170 1437 1197 1511 1,
1233 1441 1290 1498 22:

149 1572 233 1626 nouus
253 1557 391 1612 heminam
417 1557 574 1627 potentibus
606 1557 736 1625 infidam,
769 1554 944 1624 rprrcnatra
959 1553 1067 1623 saltam
1103 1553 1179 1623 qaod
1202 1551 1233 1603 ia
1254 1550 1291 1604 ci-

151 1665 236 1720 uitate
268 1671 411 1720 obstruet
432 1665 569 1720 naamam
590 1679 696 1734 semper·
722 1671 748 1718 rt
768 1661 935 1732 retinebitur,
967 1667 996 1717 et
1017 1655 1107 1716 simili
1129 1653 1219 1714 modo
1241 1673 1290 1713 ae·

150 1765 313 1844 quiperens
336 1765 412 1826 duas
433 1765 570 1826 conones
592 1764 758 1824 contrarias
780 1762 860 1824 Hist.
885 1761 946 1835 111,
970 1764 1026 1822 et:
1049 1765 1155 1836 tepuere
1176 1764 1290 1834 treionis

149 1884 175 1930 et
194 1877 267 1944 fovit
294 1877 451 1948 Vereiar'raa
471 1885 497 1934 ct
526 1876 686 1947 injuriavit.

234 2018 343 2078 Rarius
366 2019 458 2078 otiam
481 2017 673 2078 inveniuntur
696 2016 860 2091 enuntiata,
895 2017 924 2076 in
947 2014 1056 2096 quibus
1077 2012 1145 2093 plus
1161 1992 1213 2074 'bis
1235 2033 1289 2094 po-

149 2123 238 2183 situm
262 2131 308 2182 cst
329 2135 361 2182 ct.
406 2124 541 2199 Quorum
571 2143 610 2182 ex
639 2121 714 2198 Agr.
749 2122 863 2183 nullum
887 2120 994 2192 babeo,
1028 2140 1045 2182 e
1072 2119 1288 2181 Germanum

148 2224 231 2309 (to),
265 2228 380 2288 nnllam
404 2248 442 2288 ex
467 2227 618 2301 Historiis,
649 2237 710 2288 tres
732 2247 771 2287 cx
800 2227 968 2287 Annalibus
998 2223 1063 2310 (ΙΙΙ,
1090 2229 1141 2288 54.
1159 2227 1214 2300 VI,
1239 2229 1290 2288 14.

146 2333 216 2409 XV,
242 2333 302 2415 39),
326 2333 380 2394 sed
402 2354 527 2414 qnorum
552 2333 612 2394 duo
635 2335 665 2394 in
689 2334 874 2395 orationibus
897 2343 1027 2394 exstent.

232 2498 265 2559 Si
293 2500 387 2579 priori
416 2511 441 2560 ct
472 2498 636 2580 respondet
664 2498 813 2578 particula
841 2521 900 2574 que,
951 2500 1073 2578 proprio
1103 2498 1287 2574 designatur,

147 2605 273 2672 alterum
304 2605 469 2668 membrana
502 2626 564 2668 non
593 2625 716 2685 prorsas
745 2626 844 2687 acqua
871 2609 901 2665 vi
924 2625 990 2665 esse
1012 2607 1173 2690 positum
1198 2605 1287 2681 Quod

146 2713 305 2773 discrimen
328 2712 409 2792 apud
431 2714 614 2774 recentiores
636 2715 769 2774 evanuit.
814 2713 874 2776 Sed
897 2714 1021 2774 Tacitus
1040 2723 1071 2774 et
1094 2713 1150 2772 hac
1170 2713 1288 2772 ratione

147 2840 215 2880 raro
238 2838 310 2880 usas
334 2827 390 2879 est.
434 2820 516 2878 llist.
538 2821 577 2896 V,
600 2821 633 2881 5:
658 2827 802 2896 uocemue
823 2832 915 2880 tamea
936 2822 1286 2880 autumnitanorum.

146 2949 210 2986 uena
237 2941 263 2987 et
294 2947 394 2988 nccare
423 2948 586 3002 quemquam
605 2947 637 2988 ea
667 2934 779 3004 ecculm
794 2937 885 3002 nesus,
920 2933 1079 3002 animosque
1103 2931 1217 3002 praelio
1238 2938 1287 2985 aut

148 3038 294 3110 suppliciis
311 3045 517 3110 perceptorum
546 3045 670 3094 ammaon
687 3046 800 3110 pateat.
828 3040 892 3095 biae
912 3040 1065 3108 quaerendi
1085 3056 1165 3094 umor
1184 3045 1211 3094 ct
1230 3056 1286 3092 mo·

143 3143 418 3214 ricadicmstemptur.
458 3139 631 3220 Utcumque
657 3142 750 3200 mirus
772 3151 819 3200 cst
841 3159 936 3200 nexus
959 3143 1185 3219 sententiarum,
1215 3141 1286 3220 quia

144 3247 219 3306 duas
243 3247 362 3306 miscuit
390 3250 627 3308 constructiones
651 3247 787 3325 scriptor.
831 3247 912 3306 Nam
941 3248 967 3306 si
993 3254 1132 3308 accurate
1154 3245 1286 3306 scribere

132 3352 299 3425 uoluisset,
323 3351 397 3412 duas
420 3352 602 3412 sententias:
635 3364 662 3411 ct
683 3371 782 3412 nccare
805 3385 844 3398 ·-
867 3364 967 3425 parua
1000 3371 1096 3434 aequa
1118 3352 1149 3410 vi
1170 3369 1286 3429 ponere
1329 3329 1333 3338 ,

142 3477 202 3516 noa
226 3457 367 3530 debebat,
394 3459 507 3538 quippe
539 3478 629 3539 qaum
659 3461 756 3536 prima
785 3465 900 3526 tanturn
929 3477 1066 3530 caussam
1088 3458 1196 3536 prioris
1218 3476 1285 3516 een-

141 3566 255 3625 tcntiae
277 3566 455 3634 contineret,
478 3567 575 3626 altera
596 3585 668 3626 vcro
692 3565 731 3626 ad
753 3565 837 3626 aliud
859 3564 1012 3646 quoddam
1034 3571 1194 3646 spectaret.
1224 3562 1283 3626 Sed

142 3691 234 3750 qaum
266 3670 398 3732 seribere
419 3673 539 3750 incepit,
569 3674 633 3752 jam
664 3673 692 3731 ei
714 3675 745 3732 in
772 3681 902 3733 mentem
934 3671 1020 3730 venit
1051 3672 1179 3732 alteram
1209 3669 1282 3730 illud

141 3779 360 3838 sententiarum
392 3798 463 3856 par:
498 3783 561 3837 tiae
588 3783 742 3853 promendi
772 3800 851 3837 maer
882 3788 907 3837 ct
938 3781 1076 3836 moriendi
1106 3788 1282 3850 contemptur,

143 3902 221 3963 quae
244 3881 394 3962 prioribus
416 3892 557 3944 accurate
577 3884 804 3964 responderent.
849 3881 1097 3944 Siccooriebetur
1117 3882 1282 3960 implicatio

140 3990 193 4050 illa
214 3991 481 4063 constructionum,
503 4009 564 4069 que
584 3998 706 4051 coactus
727 3993 857 4071 scriptor
878 3991 1058 4051 sententiam
1072 4007 1162 4068 qaam
1185 3987 1295 4048 solam.

140 4095 314 4155 confirmare
335 4092 488 4155 voluerat:
511 4104 656 4172 aeneadae
676 4103 849 4158 mrdtitartr'ai
868 4101 1027 4168 consulitur,
1048 4103 1155 4174 postca
1177 4093 1280 4172 paullo

139 4203 262 4262 mutatis
284 4200 383 4261 verbis
406 4205 530 4282 repetit:
558 4209 622 4264 trice
647 4210 801 4280 praeeundi
821 4228 907 4280 amor,
943 4211 976 4264 ut
1006 4219 1107 4263 rursus
1130 4219 1195 4262 cam
1217 4219 1279 4260 ree·

137 4307 320 4388 pandentem
335 4307 448 4368 laceret
455 4311 501 4383 iis,
524 4329 602 4390 quac
612 4313 733 4390 proprie
744 4312 892 4392 probandi
901 4311 998 4390 gratia
1021 4309 1278 4371 additament.—

137 4413 214 4476 Sunt
234 4434 308 4476 vero
342 4414 413 4474 talia
446 4415 585 4506 'ljacitam
617 4416 777 4494 diiigenter
797 4420 997 4500 'perlustranti
1018 4417 1100 4479 haud
1129 4437 1197 4478 raro
1227 4413 1278 4474 ob·
