3196 5270
888 265 928 328 32

339 453 398 496 non
420 434 526 516 fuisse,
548 436 604 498 hoo
627 439 810 499 enuntiatum
834 438 1054 521 quodammodo
1088 439 1248 521 opponitur
1279 441 1314 502 iis
1345 461 1419 524 quas
1438 444 1466 504 in

338 553 438 604 monte
460 544 634 621 habuimus,
664 545 744 607 unde
766 547 800 606 fit
822 556 854 607 ut
875 549 1023 628 particula
1045 548 1238 610 adversativa
1259 560 1383 616 utamur.
1424 551 1467 614 Ac

339 671 377 711 ne
397 653 524 713 Romani
548 653 670 735 quidem
692 655 722 714 in
745 655 917 715 universum
949 655 1026 716 hanc
1061 658 1208 718 rationem
1239 662 1366 720 aversati
1389 669 1468 737 sunt3

337 756 385 817 hic
405 777 477 819 vero
500 760 672 840 simpliciter
694 771 832 823 narratur
853 765 980 825 alterum
1003 773 1072 845 post
1094 766 1221 828 alteram
1243 769 1389 830 incidisse.

426 887 456 946 3.
501 885 589 962 Quod
612 887 680 968 §.1
710 888 855 964 vidimus,
883 889 1032 951 interdurn
1063 891 1122 954 duo
1156 894 1303 956 voeabula
1331 915 1406 977 quas
1433 897 1468 958 ad
1540 894 1558 919 ‘'

338 994 397 1055 alia
419 992 478 1055 duo
499 1014 555 1074 per
583 994 790 1074 disjunctivam
821 999 997 1078 particulam
1027 1003 1193 1082 composita
1218 1005 1405 1084 pertineant,
1431 1007 1470 1066 ita

338 1111 370 1162 nt
392 1103 510 1182 singula
532 1106 687 1187 utriusqus
716 1109 796 1186 paris
826 1107 959 1169 membra
992 1110 1047 1170 sibi
1075 1111 1295 1192 respondeant,
1325 1115 1430 1174 vocula
1448 1127 1472 1176 et

337 1213 496 1293 conjungi,
528 1212 560 1275 id
590 1213 628 1276 de
657 1215 865 1294 conjunctione
895 1240 947 1294 que
975 1220 1087 1298 pariter
1116 1220 1206 1282 valet.
1251 1221 1330 1282 Hist.
1353 1221 1393 1305 11,
1416 1225 1470 1284 92:
1570 1258 1571 1295 Ι

344 1325 481 1382 Vilellirorr
501 1325 598 1382 erabitis
619 1328 727 1399 offerre
757 1336 806 1384 out
836 1329 1030 1403 intempestivis
1060 1331 1204 1388 blanditiis
1233 1333 1389 1390 mmobilerrr
1415 1353 1472 1390 ooa-
1571 1327 1572 1346 ³

337 1436 489 1491 terminat
509 1419 727 1510 metrwborrtquc,
757 1431 874 1512 singola
896 1435 1030 1495 membra
1053 1434 1138 1496 vides
1159 1435 1216 1498 sibi
1237 1455 1292 1516 per
1314 1437 1470 1498 chinemum

336 1539 529 1619 respondere.
572 1538 633 1600 Sed
657 1541 793 1600 etiamsi
818 1560 876 1601 non
899 1541 1062 1622 praecedat
1083 1543 1189 1622 partic.
1213 1542 1406 1624 disjunctiva,
1428 1545 1471 1604 in·

337 1649 457 1709 venitur
478 1669 544 1726 pue,
567 1649 617 1710 ubi
639 1661 705 1725 one,
727 1656 786 1726 uel,
809 1673 841 1712 oc
863 1662 1084 1731 exspectamus.
1127 1652 1208 1712 Hist.
1231 1653 1271 1728 ss,
1287 1656 1320 1715 8:
1342 1657 1472 1714 aelidem

337 1765 442 1830 tempus
471 1760 582 1817 Acboio
608 1769 689 1834 utpute
715 1762 787 1818 Ario
806 1761 890 1833 fuleo
916 1763 1060 1819 euerritur
1092 1763 1164 1820 velut
1195 1765 1270 1823 Nero
1307 1769 1471 1836 memoret,
1566 1746 1568 1783 ²

337 1869 417 1926 aerio
437 1887 520 1942 super
542 1871 614 1928 cuitu
637 1872 697 1942 ejus
717 1889 826 1928 murore
847 1889 930 1945 eoque
948 1872 1079 1944 plumbea
1107 1873 1197 1929 umere
1219 1891 1279 1929 euru
1301 1873 1472 1946 fiupeoti·

337 1977 398 2032 bue
418 1980 740 2052 credentibusque,
763 1976 783 2040 i.
807 1996 833 2036 e.
862 1977 928 2036 aliis
950 1976 1149 2058 fingentibus,
1179 1977 1244 2036 aliis
1278 1978 1473 2040 credentibus.

336 2081 459 2159 flurs:
477 2095 616 2161 postremo
638 2088 777 2144 ballistam
798 2089 828 2144 ia
850 2090 992 2146 mbcuutee
1008 2089 1167 2161 propulere,
1189 2107 1260 2161 quoe
1281 2098 1313 2146 ut
1335 2093 1376 2147 od
1392 2107 1473 2163 proc-

336 2214 398 2252 rcar
419 2197 568 2268 disjecit
589 2197 776 2270 obruitque
797 2197 1037 2270 pwsiueidcrut,
1071 2199 1112 2253 ito
1140 2202 1197 2254 oet.
1241 2192 1322 2254 Ann.
1357 2195 1409 2277 Vl,
1440 2195 1473 2254 b:

330 2307 472 2377 fiupebout
492 2306 575 2362 cimil
597 2308 795 2379 audiantque
817 2299 870 2386 (cl.
884 2303 999 2363 initium
1014 2303 1101 2381 hujus
1117 2300 1144 2384 §.
1156 2299 1188 2383 1)
1200 2299 1236 2386 ¹).
1253 2337 1294 2349 -
1315 2301 1389 2365 Jam
1405 2323 1474 2364 vero
1568 2374 1571 2385 Ι

336 2411 412 2472 haec
427 2431 474 2472 me
488 2411 665 2486 admonent,
688 2421 722 2472 nt
744 2411 897 2491 digrediar
919 2411 957 2472 ad
979 2411 1077 2471 locum
1099 2411 1298 2487 tractandum,
1321 2414 1369 2472 cni
1387 2433 1472 2494 quum

332 2521 397 2599 jam
420 2518 533 2582 dudam
556 2520 667 2602 aliquid
691 2522 880 2601 corruptelae
903 2522 1002 2580 inesse
1025 2521 1228 2581 consentirent
1242 2520 1474 2594 hominesdoeti,

336 2631 437 2690 tamen
460 2649 556 2711 nuper
577 2639 721 2709 patronus
743 2630 815 2689 satis
838 2629 923 2690 sortis
946 2631 1070 2692 exstitit.

423 2737 551 2798 Constet
573 2739 728 2798 enuntiata
749 2743 791 2797 le
811 2749 904 2813 terque
930 2745 1021 2819 atque
1051 2741 1092 2796 bie
1122 2747 1196 2796 tour
1228 2732 1273 2817 (st
1301 2754 1381 2816 quae
1410 2744 1475 2795 sunt

335 2841 454 2927 similia)
476 2849 518 2906 sic
533 2847 610 2905 inter
633 2864 666 2906 se
688 2844 816 2922 differre,
839 2845 967 2908 utillud
989 2844 1100 2906 indicet
1122 2861 1214 2923 saepe
1236 2844 1350 2925 aliquid
1365 2844 1473 2904 lactum

337 2971 421 3028 esse,
445 2953 502 3014 hoc
521 2973 609 3028 raro,
632 2973 692 3035 qua
714 2952 752 3014 de
774 2973 808 3014 re
829 2961 899 3015 ante
922 2953 995 3014 alios
1019 2953 1159 3033 exposuit
1180 2953 1336 3030 Bentlejus
1352 2953 1390 3014 ad
1403 2953 1474 3013 Hor.

337 3061 425 3142 epod.
447 3063 486 3137 V,
509 3064 561 3123 33.
607 3062 694 3122 Hanc
717 3063 811 3122 secati
833 3063 932 3138 legem
954 3063 986 3121 in
1015 3063 1089 3138 Agr.
1111 3079 1176 3141 cap.
1201 3063 1251 3132 12,
1271 3059 1321 3120 ubi
1351 3062 1474 3139 legitur:

335 3190 384 3230 aee
405 3175 486 3230 uliud
507 3176 640 3230 odoerm
661 3174 850 3231 validusirnoe
871 3181 962 3244 pectes
977 3191 1034 3244 pro
1054 3173 1131 3228 were
1151 3172 1247 3228 utilior
1253 3213 1261 3242 ,
1296 3189 1383 3244 quom
1404 3173 1476 3242 prod

335 3284 366 3338 in
388 3302 526 3342 consmuue
546 3301 602 3340 uon
622 3285 773 3340 cousulant.
823 3283 920 3338 Rarus
949 3283 1059 3337 duobos
1088 3282 1227 3352 tribusque
1254 3281 1412 3337 ciuitatibus
1440 3279 1477 3334 od

332 3395 557 3468 propulsandum
578 3411 716 3451 coremurre
733 3393 889 3467 pericubrm
911 3400 1071 3449 ronceuuu:
1091 3390 1133 3446 ito
1153 3389 1257 3461 eirpuii
1267 3400 1401 3464 prepucia,
1418 3388 1475 3444 uoi-

335 3504 408 3560 oerri
429 3505 581 3576 uincuntur,
602 3499 673 3560 inde
696 3519 715 3559 a
736 3499 869 3559 Pichcna
897 3497 960 3558 fere
992 3515 1094 3556 omnes
1129 3495 1261 3556 editores
1294 3496 1476 3575 scripserunt

335 3613 444 3669 dumus
465 3613 590 3686 tribune,
613 3608 685 3689 quia
706 3607 754 3666 hic
777 3612 920 3684 ageretur
944 3606 981 3666 de
1003 3605 1188 3685 paucissimis
1211 3612 1326 3664 tantum
1350 3603 1476 3664 civitati·

335 3719 401 3782 bus.
445 3718 531 3780 Unus
545 3719 666 3778 Wexius
681 3716 841 3777 lectionem
861 3719 999 3792 urbeque
1015 3712 1176 3774 defendere
1191 3707 1345 3794 studuitl)
1370 3713 1476 3774 doctis·

336 3829 411 3889 sime
440 3844 513 3888 sane
543 3835 574 3886 et
602 3823 784 3902 argumentis
813 3824 947 3904 undique
974 3823 1106 3900 gentium
1140 3821 1314 3902 conquisitis
1337 3857 1378 3867 —-
1402 3837 1478 3903 quae

334 3935 397 4014 jam
421 3935 562 3998 brevibus
587 3935 758 3996 examinare
780 3933 878 3994 liceat.

337 4041 629 4056 ῌ--ι-ι--ι-η

409 4085 434 4156 l)
452 4085 517 4149 Verg.
535 4087 591 4138 Aen.
609 4087 638 4149 ΙΙ,
657 4085 690 4137 36
704 4097 767 4152 sep:
788 4093 833 4138 aul
847 4084 938 4156 priapo
959 4083 1079 4137 Danaum
1096 4082 1205 4134 insidior
1228 4089 1392 4151 suspectaque
1411 4080 1477 4133 doro

335 4176 509 4249 Praecipitare
521 4181 612 4243 jubent
637 4181 811 4250 subjectisque
829 4196 904 4232 arere
921 4179 1045 4246 fiammis,
1071 4185 1166 4229 testatur
1184 4177 1301 4228 Charisius
1324 4173 1366 4243 (gr.
1385 4177 1424 4228 lat.
1443 4175 1477 4224 ed.

335 4271 392 4336 llcil,
410 4271 449 4334 ill,
472 4271 543 4340 lte).
579 4273 633 4324 Vide
651 4275 719 4324 etism
739 4273 843 4338 Wegneu'
862 4280 958 4339 quaestt.
978 4272 1044 4334 larg.
1063 4286 1114 4336 pag.
1135 4269 1195 4333 576,
1222 4273 1315 4335 ejusque
1340 4269 1368 4320 ad
1395 4268 1476 4330 Georg,

336 4367 354 4431 l,
374 4365 427 4418 ⁴19
446 4367 522 4418 adnot.

409 4460 435 4532 2)
454 4461 555 4526 prolege.
574 4460 602 4511 ad
621 4460 693 4524 Agric.
710 4475 761 4527 prr.
781 4460 815 4513 28
834 4475 897 4527 seqq.
959 4537 962 4546 Ι
