3196 5270
877 266 988 344 10x

323 453 343 488 o
365 433 500 490 Romanis
512 434 675 504 protecto,
698 443 724 490 ct
743 435 864 490 cohortes
885 437 1002 506 alaeque
1010 442 1128 507 murac,
1149 435 1237 490 omits
1253 433 1379 506 proeliis,
1400 449 1458 488 ceo

324 559 396 597 mere
425 550 516 597 tomen
544 542 670 612 periculo
697 543 827 612 repleant.
872 538 986 598 Locum
1013 539 1064 619 qui
1093 539 1201 618 legitur
1230 538 1310 597 Hist.
1339 537 1377 608 V,
1403 535 1459 595 13:

323 667 405 702 ormo
418 648 521 704 cnemis
542 649 590 718 qui
610 651 686 716 ferre
702 657 831 719 possent,-
853 657 878 704 et
896 649 993 719 plures
1015 667 1099 718 quoto
1115 669 1172 720 pro
1185 666 1298 704 onmem
1312 647 1459 730 mosbour,

327 753 446 832 optime,
467 760 502 814 ut
524 751 649 826 adsolet,
681 752 801 832 expedit
821 753 956 832 Lipsius,
992 773 1085 833 quum
1107 752 1205 813 dicat:
1227 753 1310 813 fuere
1339 749 1460 810 obsessa

323 869 463 922 sexcenta
485 861 581 936 milia,
604 855 705 922 credas
728 871 865 942 quartam
886 848 939 920 aut
963 861 1079 922 circiter
1088 869 1203 941 partem
1226 865 1294 940 (pre
1311 856 1461 920 communi

321 965 559 1050 ratiocinatione)
582 987 664 1028 arms
686 969 807 1044 tulisse,
841 977 874 1028 at
895 969 943 1028 hic
963 969 1050 1029 aliter
1069 968 1145 1042 tuit,
1165 977 1196 1031 et
1224 968 1324 1048 plures
1344 968 1461 1047 impetn

323 1082 414 1155 atque
435 1072 540 1134 ardore
562 1083 714 1154 ceperunt.
759 1073 839 1150 Qui?
859 1075 937 1136 infra
958 1083 1012 1135 aut
1033 1097 1124 1157 supra
1143 1076 1304 1155 legitimam
1320 1082 1460 1146 aetatem,

324 1185 409 1264 pueri
431 1202 585 1262 senesque.
605 1215 650 1230 ··-
1528 1169 1532 1176 ¹

350 1350 353 1356 ,
409 1290 565 1350 Postremo
588 1289 695 1349 addam
716 1290 946 1369 pulcherrimum
977 1291 1066 1370 hujus
1093 1291 1248 1352 brevitatis
1279 1289 1460 1370 exemplum,

326 1396 406 1477 quod
427 1397 537 1475 legitur
557 1397 671 1471 Histl,
694 1399 744 1460 te.
768 1407 927 1478 postquam
949 1397 987 1459 de
1008 1406 1104 1460 morte
1114 1397 1227 1488 Galliae
1249 1398 1374 1459 relatum
1398 1405 1460 1458 est:

326 1511 397 1564 cone
418 1510 518 1564 mom
544 1511 639 1564 eaeor
659 1509 878 1566 essecestra
898 1487 1220 1581 seoos'etopsoeptoso
1242 1510 1323 1566 omae
1343 1510 1462 1581 qoem

323 1599 467 1683 principes
483 1630 624 1683 prospera
641 1615 759 1680 fortuna
780 1631 902 1668 mensae
924 1618 962 1670 et
983 1614 1074 1669 alieno
1100 1614 1216 1685 imperio
1246 1613 1357 1682 felicior
1378 1631 1461 1684 quom

325 1739 383 1777 roc.
425 1717 622 1776 Enuntiatnm
644 1717 779 1796 profecto
800 1718 1047 1797 simplicissimum
1078 1717 1131 1778 sed
1152 1715 1274 1798 plenum
1296 1718 1461 1795 gravitatis.

325 1819 403 1880 Nam
423 1822 606 1882 atrocissimo
628 1821 742 1883 Galbae
765 1823 846 1883 exitu
868 1821 1032 1902 descripto,
1066 1821 1166 1881 omnia
1195 1841 1272 1902 qnae
1293 1821 1387 1881 fusius
1409 1840 1462 1881 ex·

327 1928 429 2008 posuit
449 1929 576 2007 scriptor
595 1929 640 1988 his
662 1928 760 1992 verbis
783 1928 881 1990 denuo
906 1929 1125 2008 complectitur,
1157 1936 1249 2009 atque
1271 1930 1396 2008 opponit
1416 1929 1461 2002 iis,

325 2055 415 2116 quam
438 2036 559 2115 longam
582 2036 756 2116 felicemque
776 2038 868 2097 vitam
890 2036 986 2098 Galba
1008 2036 1132 2115 degerit.
1176 2034 1317 2116 Quinque
1337 2037 1462 2115 impera-

326 2153 425 2204 torum
448 2145 639 2223 superstitem
661 2144 760 2225 fuisse,
783 2163 927 2225 prospera
942 2163 1060 2224 semper
1071 2145 1201 2217 fortuna,
1223 2143 1461 2224 deniqueipsnm

326 2251 364 2312 ad
393 2271 540 2312 summum
574 2253 717 2331 principis
745 2251 896 2331 fastigium
924 2252 1103 2326 ascendisse,
1135 2253 1179 2312 ita
1206 2259 1242 2311 ut
1268 2253 1300 2312 in
1329 2259 1462 2314 extrema

325 2366 482 2420 senectute
503 2359 541 2419 ad
572 2369 734 2420 extremam
763 2360 853 2420 simul
880 2359 1050 2420 felicitatem
1070 2360 1239 2440 pervenisse
1265 2360 1345 2420 visus
1374 2368 1461 2421 esset.

325 2466 451 2528 Utinam
473 2474 575 2528 tamen
596 2475 685 2528 antea
706 2469 771 2527 vita
792 2466 984 2540 decessisset,
1016 2486 1086 2527 uam
1108 2472 1199 2527 oticoo
1219 2471 1335 2542 imperio
1351 2471 1462 2538 felicior

317 2580 381 2649 fote
402 2599 486 2650 qoam
506 2600 565 2636 roo.
610 2574 769 2651 Quomodo
792 2576 866 2636 haec
887 2575 1013 2654 intelligi
1034 2577 1102 2636 vult
1123 2577 1259 2655 scriptor,
1280 2595 1318 2635 ex
1337 2577 1461 2656 iisqnae

327 2691 417 2742 antea
437 2685 571 2744 narravit
601 2683 797 2762 colligendum
826 2692 889 2757 est,
920 2702 997 2764 quae
1018 2684 1152 2764 quamvis
1185 2683 1245 2744 sint
1273 2690 1350 2742 tetra
1371 2691 1462 2763 atquc

327 2787 497 2849 foedissima
518 2797 619 2850 tamen
642 2789 679 2850 ob
701 2790 775 2850 haec
796 2809 886 2868 parca
907 2797 997 2870 atque
1019 2789 1153 2850 modesta
1170 2788 1264 2851 verbe
1283 2789 1352 2870 plus
1374 2791 1461 2851 etiam

330 2896 462 2957 horroris
484 2897 568 2958 nobis
590 2895 780 2978 incutiunt¹).

417 3006 446 3062 2.
490 3003 569 3066 Satis
592 3013 696 3064 notum
719 3013 765 3066 est
786 3003 945 3085 aliquando
969 3005 1041 3084 poni
1075 3017 1108 3080 ct,
1135 3003 1186 3064 ubi
1214 3004 1389 3083 particulam
1411 3001 1461 3063 ad·

327 3112 508 3172 versativam
530 3120 745 3193 exspectemus.
789 3110 879 3187 Quod
899 3111 980 3192 apud
1000 3113 1157 3193 scriptores
1170 3131 1277 3172 aureae
1298 3113 1402 3174 aetatis
1425 3131 1460 3172 eo

327 3217 421 3294 redit,
460 3227 495 3278 ut
515 3219 553 3279 ad
574 3221 749 3281 sententiam
772 3221 941 3298 negativam
963 3219 1084 3279 accedat
1112 3219 1287 3279 affirmativa
1308 3219 1462 3313 quaedam,

329 3346 389 3406 qua
409 3325 490 3386 filum
516 3327 656 3386 orationis
678 3327 869 3387 continuetur
877 3322 919 3405 ²),
949 3326 997 3386 vel
1019 3333 1053 3386 ut
1075 3325 1219 3386 vocabula
1241 3327 1387 3386 contraria
1408 3325 1463 3386 sibi

330 3429 567 3512 opponantur3).
609 3433 702 3512 Apud
715 3434 854 3494 Tacitum
876 3432 976 3512 paullo
998 3433 1086 3492 latior
1108 3438 1153 3492 est
1174 3451 1255 3507 usus,
1277 3451 1366 3513 quem
1384 3433 1463 3494 inter

406 3589 434 3677 l)
452 3609 575 3673 Interdum,
594 3611 613 3660 si
631 3609 720 3676 ellipsis
738 3610 855 3673 cogimnda
873 3618 922 3672 est,
939 3595 1031 3676 ponitur
1050 3611 1117 3662 etiem
1134 3611 1243 3676 particule
1261 3619 1350 3680 atquc,
1375 3613 1396 3662 si
1413 3627 1462 3662 cm·

328 3705 384 3754 nino
401 3704 435 3754 sic
452 3704 527 3753 dicere
546 3703 606 3766 licet,
625 3719 677 3754 nem
695 3705 818 3768 particulae
837 3704 864 3754 ad
889 3704 1067 3754 constituendam
1092 3703 1164 3770 ipsam
1188 3704 1277 3768 ellipsin
1296 3704 1351 3754 nihil
1370 3705 1462 3767 iaciunt,

331 3797 373 3846 sed
393 3811 433 3847 sna
451 3811 553 3862 quaeque
577 3797 599 3846 vi
623 3796 759 3846 sententiam
783 3803 908 3860 apponunt.
943 3796 1001 3847 Hist.
1018 3796 1047 3857 ll,
1066 3795 1113 3846 91:
1135 3797 1273 3847 osntitotot
1293 3797 1322 3848 ιἰι
1339 3805 1463 3858 renotem,

330 3889 406 3938 ctiam
425 3906 482 3940 cum
498 3891 586 3957 porois
604 3888 634 3940 da
652 3889 726 3940 relos
743 3896 830 3957 patrer
854 3887 1059 3950 consulerentur,
1083 3904 1115 3938 oc
1131 3889 1198 3958 forte
1215 3887 1318 3940 Priscae
1336 3888 1463 3940 Helvidius

329 3989 434 4048 praetor
452 3979 598 4047 deciperetur
615 3990 706 4033 contro
723 3980 833 4032 sottum
849 3983 904 4044 cJ'ur
920 3991 1070 4033 cremant.
1106 3981 1208 4045 Supple:
1233 3989 1307 4048 utque
1324 3980 1462 4048 siquando

333 4073 433 4124 curium
450 4073 579 4139 inpressas
597 4083 639 4135 est,
659 4090 734 4141 quum
750 4074 817 4138 forte
829 4073 877 4124 'cet
912 4072 1065 4123 Memorabilis
1083 4080 1159 4124 autern
1178 4074 1214 4123 hio
1231 4075 1308 4134 locus,
1327 4075 1379 4138 quia
1396 4074 1462 4137 ellip-

331 4178 369 4212 scs
391 4163 452 4225 apud
470 4162 576 4234 ¹'lacitncn
604 4163 672 4214 aliter
694 4171 838 4228 comparetur
862 4179 914 4214 essu
938 4163 1020 4214 solent.
1055 4179 1087 4215 oc
1108 4164 1202 4228 ponitur
1227 4171 1322 4228 propter
1344 4165 1411 4229 forte
1434 4166 1463 4215 tl.

332 4264 384 4315 pag.
403 4249 447 4301 36.
496 4287 502 4301 .

403 4342 431 4414 2)
449 4343 522 4394 Madv.
539 4358 573 4405 gr.
593 4345 630 4393 let.
648 4341 673 4410 §
691 4344 752 4406 433,
770 4345 823 4396 adn.
842 4345 866 4396 ².

406 4434 437 4504 3)
455 4437 529 4498 Hand,
549 4437 608 4488 'lure
638 4437 666 4500 ll,
685 4437 736 4490 494
755 4454 820 4503 seqq.
