3196 5270
665 273 707 333 55

117 450 271 510 notionem
292 447 484 528 primariam,
507 445 599 506 etium
622 463 661 506 ex
683 444 828 521 siugulmi
856 461 996 505 numero:
1028 449 1137 506 actm
1162 448 1263 526 polum

117 563 174 614 est.
227 553 346 614 Tmou
367 571 407 613 ue
426 553 516 614 nimis
537 553 606 612 hoio
627 557 805 628 ergomeuto
826 549 1012 610 confidemus
1038 548 1201 613 abstinebit
1222 554 1263 612 lo·

117 678 187 733 cus,
216 660 269 738 qui
299 659 411 735 legitur
443 659 525 720 Hinc
545 659 611 733 111,
635 661 694 718 19:
722 658 825 728 quodsi
849 659 938 714 um
965 661 1164 732 opperimur,
1203 665 1266 734 im

115 765 1264 842 pecemy‘omprccesetproleboreacoolmiduelmutiometplorioss,

119 876 256 932 tuccia
274 876 389 932 loturos
445 871 508 933 Sed
536 889 644 932 senem
673 867 738 928 iore
759 877 819 930 est:
846 869 945 945 glorie
964 869 1162 944 clementius,
1194 893 1264 933 uem

120 981 291 1036 msam
305 983 388 1051 forre
407 997 468 1038 nou
490 975 599 1038 dicitur
614 973 652 1054 ¹).

205 1085 287 1144 Hist.
308 1083 372 1158 111,
395 1087 455 1144 16:
476 1105 558 1160 epea
579 1091 733 1144 samm
752 1084 859 1152 mes,
884 1088 1041 1156 praeverti
1065 1105 1174 1160 perteue
1203 1111 1266 1149 mo

121 1207 192 1252 tem
203 1196 485 1268 fremitumque
504 1196 562 1252 luto
583 1191 709 1249 audiri
728 1190 873 1245 mma.
917 1186 1017 1248 Locus
1030 1207 1087 1268 per
1101 1209 1135 1250 se
1155 1191 1265 1254 clerus.

209 1296 315 1358 Germ.
337 1299 398 1357 1⁷:
420 1302 551 1355 datm
570 1297 711 1354 samm
731 1305 869 1368 rporpuut
888 1297 1006 1352 meod&
1029 1300 1204 1372 pomp„
1224 1305 1267 1358 ὰ.

120 1413 241 1468 luacum.
284 1405 424 1466 Kritzius
443 1404 524 1464 msto
545 1403 707 1464 intellexit:
730 1400 890 1460 maculosis
912 1400 1050 1480 pellibus.
1106 1404 1185 1464 Nem
1204 1408 1266 1486 pel.

122 1513 166 1571 les
189 1531 250 1572 uon
271 1518 471 1590 spargentem
507 1517 668 1588 praeterea
698 1507 776 1584 fugit
804 1507 956 1578 Kritzium
985 1515 1019 1567 ut
1047 1508 1170 1572 videtur
1202 1533 1266 1572 mos

122 1617 290 1694 Tecitious,
312 1636 352 1676 ex
375 1634 435 1694 quo
458 1615 542 1675 notio
563 1615 708 1694 primorie
727 1607 764 1670 'et
792 1612 998 1690 praedicatum
1029 1623 1113 1676 erote
1142 1637 1266 1679 conuec-

123 1731 237 1783 tuutur.
280 1722 391 1801 Itaque
411 1723 511 1799 egitur
533 1721 572 1782 de
593 1717 719 1780 maculis
747 1735 826 1796 quoe
849 1736 889 1778 ex
915 1718 1041 1797 pellium
1066 1724 1177 1799 pennis
1197 1745 1266 1784 cou-

123 1837 226 1901 steut,
247 1827 279 1888 id
301 1824 383 1908 quod
403 1833 487 1887 recte
510 1825 667 1904 perspexit
689 1821 840 1898 Orellius,
862 1843 954 1904 quum
977 1823 1122 1886 adnotet:
1144 1831 1268 1890 msculis

124 1933 297 2015 epellibus
318 1932 472 1996 beluarum
494 1929 657 2004 coniectis,
687 1947 814 2008 querum
842 1929 977 1990 diversos
1007 1929 1132 1992 lacinias
1161 1934 1268 1996 udsue·

123 2041 211 2115 beot,
232 2046 267 2099 ut
289 2044 371 2100 esset
391 2039 488 2116 major
509 2037 651 2116 varietas
674 2069 718 2082 -

210 2144 384 2225 Sequuntur
405 2141 473 2206 ulie.
522 2140 607 2201 Eiet.
634 2140 662 2215 I,
693 2142 750 2204 67:
782 2148 918 2220 Helvetii,
948 2149 1065 2207 Gallica
1089 2169 1174 2224 pens,
1203 2154 1269 2210 olim

123 2257 241 2314 ermis
262 2255 454 2326 virisque,
476 2270 539 2309 moe
558 2253 691 2310 memorie
712 2255 831 2312 amoime
852 2258 940 2314 oleru
966 2288 1005 2298 -
1037 2255 1198 2316 Rationem
1222 2257 1267 2317 di·

123 2355 226 2437 cendi,
249 2355 289 2418 de
310 2375 371 2436 qua
391 2357 529 2432 egimus,
550 2355 626 2416 miro
648 2355 736 2415 modo
757 2357 887 2418 medism
910 2379 978 2420 esse
1004 2360 1081 2419 iuter
1103 2380 1192 2421 uuum
1215 2383 1268 2423 uo·

124 2466 237 2524 tionem
259 2469 353 2541 etque
374 2458 449 2521 dues
470 2460 667 2534 iudiceudes,
688 2463 741 2520 vix
761 2462 822 2522 ulio
845 2465 1001 2524 euuutiuto
1023 2464 1131 2525 melius
1152 2471 1269 2547 perspi-

126 2573 240 2646 cietur,
272 2587 363 2652 quem
385 2566 526 2647 eoquod
548 2574 615 2628 est:
646 2587 728 2626 orma
747 2570 897 2644 cimmerio,
928 2567 977 2628 vel
1006 2591 1088 2630 anuo
1112 2576 1271 2650 utriquest

125 2694 206 2756 queo
229 2674 445 2746 similimum,
475 2680 567 2754 utque
598 2671 668 2732 iude
690 2692 710 2732 e
732 2671 868 2751 Vergilio
899 2673 1088 2739 creberrima.
1142 2681 1221 2740 Nem
1245 2686 1270 2742 si

125 2788 210 2841 cortu
231 2799 267 2839 uc
293 2778 418 2840 definite
443 2779 549 2839 horum
583 2778 740 2842 verborum
769 2779 947 2856 significatio
976 2783 1080 2864 utique
1110 2794 1269 2860 consteret,

125 2887 218 2948 etiem
240 2904 428 2962 omues,eos‚
450 2887 502 2966 qui
524 2885 580 2944 hec
603 2887 635 2946 iu
656 2904 690 2946 re
712 2886 880 2964 Vergilium
902 2888 1010 2947 imitati
1033 2891 1111 2972 siut,
1139 2913 1198 2953 uuo
1222 2914 1270 2954 oo-

127 2993 258 3073 demque
280 3012 372 3053 seusu
403 3011 524 3072 semper
552 3012 590 3053 eo
619 3010 782 3070 usurpasse
811 3011 936 3053 necesse
966 3003 1040 3054 crat.
1091 2997 1180 3073 Quod
1204 3020 1272 3079 pro-

127 3100 193 3161 bari
216 3099 338 3160 minime
359 3107 469 3180 potest.
515 3099 558 3160 Ut
578 3099 676 3160 solum
699 3097 797 3158 dicem
820 3098 858 3158 de
879 3100 932 3159 illo
955 3103 1037 3182 quod
1062 3113 1110 3165 est
1124 3107 1155 3165 iu
1173 3109 1271 3186 primo

127 3206 283 3267 Aeneidos
305 3224 414 3267 versu:
437 3227 520 3264 orma
540 3209 682 3282 virumque
703 3225 792 3279 cauo,
814 3205 895 3285 quod
917 3209 1058 3287 proxime
1082 3211 1201 3273 videtur
1223 3234 1271 3274 ec·

127 3311 236 3373 cedere
258 3310 299 3370 ad
319 3318 470 3372 nostrum:
493 3309 552 3372 den
582 3310 767 3372 wehrhaiteu
789 3311 901 3387 Meno,
923 3313 1070 3393 imprimis
1092 3319 1118 3375 si
1139 3318 1170 3376 iu
1193 3338 1272 3381 com·

126 3419 315 3498 parationem
338 3437 480 3478 vocemus
502 3423 578 3480 Aen.
600 3418 658 3496 xl,
683 3420 762 3480 747:
790 3423 867 3480 eolat
889 3423 985 3494 ipseo
1006 3442 1125 3498 copim
1147 3429 1274 3486 Tarchon

128 3548 211 3586 amsa
231 3531 486 3601 macrocosmus
503 3523 545 3604 ²),
574 3527 605 3586 id
630 3527 738 3586 multos
769 3528 910 3608 quidem,
943 3529 995 3607 qui
1026 3527 1065 3591 de
1097 3531 1155 3591 hoc
1184 3553 1273 3596 vorsu

206 3682 234 3750 1)
253 3685 364 3745 Temere,
383 3685 479 3749 opinor,
506 3685 606 3736 Orellius
623 3686 647 3736 in
666 3686 717 3737 loco
735 3686 838 3748 ejusdem
858 3687 951 3751 cepitis:
976 3695 1052 3754 utque
1069 3691 1182 3742 cumolos
1199 3709 1275 3762 seper

130 3787 153 3829 et
170 3777 286 3829 recentis
303 3775 381 3828 caede
403 3777 510 3845 cuspis
534 3777 661 3830 inermen
685 3779 763 3830 inesco
787 3779 942 3842 hendiadyoiu
958 3779 1057 3842 iudicet,
1085 3783 1181 3840 scilicet:
1205 3801 1274 3850 super

130 3869 235 3920 cumulos
253 3882 378 3918 caesorum.
418 3869 476 3918 Nem
500 3877 524 3919 et
548 3869 622 3920 velet:
646 3878 671 3922 et
693 3870 815 3932 omnim
838 3869 934 3922 amuli
958 3887 1005 3921 oon
1028 3881 1082 3924 sunt
1103 3875 1275 3928 interfectorum

129 3968 217 4011 tentum
235 3959 324 4020 acervi,
343 3959 384 4009 sed
402 3961 469 4010 etiem
487 3960 571 4034 rudere
590 3976 706 4014 armorum
723 3962 906 4027 circumspersa,
932 3964 1029 4027 loricae,
1047 3968 1139 4031 galeso,
1163 3985 1274 4035 equorum
1332 3972 1335 3978 '

130 4067 235 4116 corporo,
254 4051 327 4116 quetis
346 4067 398 4102 csse
415 4054 474 4103 solet
491 4054 561 4103 iacies
579 4054 653 4118 cerepi
671 4061 724 4118 post
741 4068 850 4120 pugnem.
885 4055 950 4117 Vide,
961 4071 1044 4120 quree
1059 4059 1136 4109 Tacito
1154 4060 1204 4125 ipso
1217 4063 1275 4113 mur

130 4152 179 4195 erte
200 4144 360 4194 describuntur
383 4145 442 4194 Anu.
465 4146 484 4206 t,
504 4144 534 4194 61
556 4152 580 4194 et
603 4145 661 4197 Hist.
680 4146 709 4207 11,
729 4145 771 4196 70.
798 4175 832 4184 -
862 4146 925 4196 idem
948 4145 1047 4199 Orellics
1076 4151 1134 4202 Hist.
1159 4155 1206 4214 ΙΙΙ,
1228 4156 1275 4206 10:

131 4237 206 4304 mpetu
225 4243 249 4286 et
266 4235 387 4288 bellorum
405 4236 463 4286 deos
482 4249 606 4299 perperam
625 4235 777 4299 hendiadyoin
796 4237 872 4288 habet.

202 4328 231 4394 2)
250 4329 344 4380 Constet
359 4329 388 4380 do
406 4327 553 4392 explicatione
571 4329 638 4392 hujus
657 4343 738 4380 versus
756 4329 779 4378 in
798 4329 964 4381 diversissimas
983 4339 1061 4395 portos
1079 4333 1215 4389 discessisse
1233 4340 1276 4390 ho·

132 4417 206 4470 mines
224 4419 319 4483 doctos;
338 4421 367 4470 ci.
386 4419 525 4482 Wagnerum
544 4418 573 4471 ed
591 4419 614 4470 h.
630 4419 647 4470 1.
664 4456 691 4471 ..
